%YAML 1.1
%TAG !u! tag:unity3d.com,2011:
--- !u!29 &1
OcclusionCullingSettings:
  m_ObjectHideFlags: 0
  serializedVersion: 2
  m_OcclusionBakeSettings:
    smallestOccluder: 5
    smallestHole: 0.25
    backfaceThreshold: 100
  m_SceneGUID: 00000000000000000000000000000000
  m_OcclusionCullingData: {fileID: 0}
--- !u!104 &2
RenderSettings:
  m_ObjectHideFlags: 0
  serializedVersion: 9
  m_Fog: 0
  m_FogColor: {r: 0.5, g: 0.5, b: 0.5, a: 1}
  m_FogMode: 3
  m_FogDensity: 0.01
  m_LinearFogStart: 0
  m_LinearFogEnd: 300
  m_AmbientSkyColor: {r: 0.212, g: 0.227, b: 0.259, a: 1}
  m_AmbientEquatorColor: {r: 0.114, g: 0.125, b: 0.133, a: 1}
  m_AmbientGroundColor: {r: 0.047, g: 0.043, b: 0.035, a: 1}
  m_AmbientIntensity: 1
  m_AmbientMode: 0
  m_SubtractiveShadowColor: {r: 0.42, g: 0.478, b: 0.627, a: 1}
  m_SkyboxMaterial: {fileID: 10304, guid: 0000000000000000f000000000000000, type: 0}
  m_HaloStrength: 0.5
  m_FlareStrength: 1
  m_FlareFadeSpeed: 3
  m_HaloTexture: {fileID: 0}
  m_SpotCookie: {fileID: 10001, guid: 0000000000000000e000000000000000, type: 0}
  m_DefaultReflectionMode: 0
  m_DefaultReflectionResolution: 128
  m_ReflectionBounces: 1
  m_ReflectionIntensity: 1
  m_CustomReflection: {fileID: 0}
  m_Sun: {fileID: 0}
  m_IndirectSpecularColor: {r: 0.4502334, g: 0.500268, b: 0.5753765, a: 1}
  m_UseRadianceAmbientProbe: 0
--- !u!157 &3
LightmapSettings:
  m_ObjectHideFlags: 0
  serializedVersion: 11
  m_GIWorkflowMode: 0
  m_GISettings:
    serializedVersion: 2
    m_BounceScale: 1
    m_IndirectOutputScale: 1
    m_AlbedoBoost: 1
    m_TemporalCoherenceThreshold: 1
    m_EnvironmentLightingMode: 0
    m_EnableBakedLightmaps: 1
    m_EnableRealtimeLightmaps: 0
  m_LightmapEditorSettings:
    serializedVersion: 10
    m_Resolution: 2
    m_BakeResolution: 10
    m_AtlasSize: 512
    m_AO: 0
    m_AOMaxDistance: 1
    m_CompAOExponent: 1
    m_CompAOExponentDirect: 0
    m_Padding: 2
    m_LightmapParameters: {fileID: 0}
    m_LightmapsBakeMode: 1
    m_TextureCompression: 1
    m_FinalGather: 0
    m_FinalGatherFiltering: 1
    m_FinalGatherRayCount: 256
    m_ReflectionCompression: 2
    m_MixedBakeMode: 2
    m_BakeBackend: 1
    m_PVRSampling: 1
    m_PVRDirectSampleCount: 32
    m_PVRSampleCount: 256
    m_PVRBounces: 2
    m_PVRFilterTypeDirect: 0
    m_PVRFilterTypeIndirect: 0
    m_PVRFilterTypeAO: 0
    m_PVRFilteringMode: 1
    m_PVRCulling: 1
    m_PVRFilteringGaussRadiusDirect: 1
    m_PVRFilteringGaussRadiusIndirect: 5
    m_PVRFilteringGaussRadiusAO: 2
    m_PVRFilteringAtrousPositionSigmaDirect: 0.5
    m_PVRFilteringAtrousPositionSigmaIndirect: 2
    m_PVRFilteringAtrousPositionSigmaAO: 1
    m_ShowResolutionOverlay: 1
  m_LightingDataAsset: {fileID: 0}
  m_UseShadowmask: 1
--- !u!196 &4
NavMeshSettings:
  serializedVersion: 2
  m_ObjectHideFlags: 0
  m_BuildSettings:
    serializedVersion: 2
    agentTypeID: 0
    agentRadius: 0.5
    agentHeight: 2
    agentSlope: 45
    agentClimb: 0.4
    ledgeDropHeight: 0
    maxJumpAcrossDistance: 0
    minRegionArea: 2
    manualCellSize: 0
    cellSize: 0.16666667
    manualTileSize: 0
    tileSize: 256
    accuratePlacement: 0
    debug:
      m_Flags: 0
  m_NavMeshData: {fileID: 0}
--- !u!4 &56312949 stripped
Transform:
  m_CorrespondingSourceObject: {fileID: 4076576686946020, guid: 3841e30ecde9a0c43b0f2861f729b70c,
    type: 2}
  m_PrefabInternal: {fileID: 2145814782}
--- !u!4 &118429585 stripped
Transform:
  m_CorrespondingSourceObject: {fileID: 4076576686946020, guid: 3841e30ecde9a0c43b0f2861f729b70c,
    type: 2}
  m_PrefabInternal: {fileID: 1629259498}
--- !u!1001 &132415802
Prefab:
  m_ObjectHideFlags: 0
  serializedVersion: 2
  m_Modification:
    m_TransformParent: {fileID: 1154367994}
    m_Modifications:
    - target: {fileID: 4076576686946020, guid: 3841e30ecde9a0c43b0f2861f729b70c, type: 2}
      propertyPath: m_LocalPosition.x
      value: -21.2
      objectReference: {fileID: 0}
    - target: {fileID: 4076576686946020, guid: 3841e30ecde9a0c43b0f2861f729b70c, type: 2}
      propertyPath: m_LocalPosition.y
      value: 8.06
      objectReference: {fileID: 0}
    - target: {fileID: 4076576686946020, guid: 3841e30ecde9a0c43b0f2861f729b70c, type: 2}
      propertyPath: m_LocalPosition.z
      value: -97.34
      objectReference: {fileID: 0}
    - target: {fileID: 4076576686946020, guid: 3841e30ecde9a0c43b0f2861f729b70c, type: 2}
      propertyPath: m_LocalRotation.x
      value: -0.486932
      objectReference: {fileID: 0}
    - target: {fileID: 4076576686946020, guid: 3841e30ecde9a0c43b0f2861f729b70c, type: 2}
      propertyPath: m_LocalRotation.y
      value: 0.5011367
      objectReference: {fileID: 0}
    - target: {fileID: 4076576686946020, guid: 3841e30ecde9a0c43b0f2861f729b70c, type: 2}
      propertyPath: m_LocalRotation.z
      value: -0.49904564
      objectReference: {fileID: 0}
    - target: {fileID: 4076576686946020, guid: 3841e30ecde9a0c43b0f2861f729b70c, type: 2}
      propertyPath: m_LocalRotation.w
      value: 0.5125551
      objectReference: {fileID: 0}
    - target: {fileID: 4076576686946020, guid: 3841e30ecde9a0c43b0f2861f729b70c, type: 2}
      propertyPath: m_RootOrder
      value: 22
      objectReference: {fileID: 0}
    - target: {fileID: 1062396769539612, guid: 3841e30ecde9a0c43b0f2861f729b70c, type: 2}
      propertyPath: m_Name
      value: Obstacle (21)
      objectReference: {fileID: 0}
    - target: {fileID: 4076576686946020, guid: 3841e30ecde9a0c43b0f2861f729b70c, type: 2}
      propertyPath: m_LocalEulerAnglesHint.x
      value: 0.059000004
      objectReference: {fileID: 0}
    - target: {fileID: 4076576686946020, guid: 3841e30ecde9a0c43b0f2861f729b70c, type: 2}
      propertyPath: m_LocalEulerAnglesHint.y
      value: 88.652
      objectReference: {fileID: 0}
    - target: {fileID: 4076576686946020, guid: 3841e30ecde9a0c43b0f2861f729b70c, type: 2}
      propertyPath: m_LocalEulerAnglesHint.z
      value: -88.413
      objectReference: {fileID: 0}
    - target: {fileID: 4076576686946020, guid: 3841e30ecde9a0c43b0f2861f729b70c, type: 2}
      propertyPath: m_LocalScale.y
      value: 23.117586
      objectReference: {fileID: 0}
    - target: {fileID: 4076576686946020, guid: 3841e30ecde9a0c43b0f2861f729b70c, type: 2}
      propertyPath: m_LocalScale.x
      value: 2.0669804
      objectReference: {fileID: 0}
    - target: {fileID: 4076576686946020, guid: 3841e30ecde9a0c43b0f2861f729b70c, type: 2}
      propertyPath: m_LocalScale.z
      value: 43.78203
      objectReference: {fileID: 0}
    m_RemovedComponents: []
  m_SourcePrefab: {fileID: 100100000, guid: 3841e30ecde9a0c43b0f2861f729b70c, type: 2}
  m_IsPrefabAsset: 0
--- !u!4 &249266187 stripped
Transform:
  m_CorrespondingSourceObject: {fileID: 4076576686946020, guid: 3841e30ecde9a0c43b0f2861f729b70c,
    type: 2}
  m_PrefabInternal: {fileID: 1214403381}
--- !u!1001 &337756877
Prefab:
  m_ObjectHideFlags: 0
  serializedVersion: 2
  m_Modification:
    m_TransformParent: {fileID: 0}
    m_Modifications:
    - target: {fileID: 4002294723605912, guid: 7389451f6ea486d4895217ba5416018c, type: 2}
      propertyPath: m_LocalPosition.x
      value: -69.4
      objectReference: {fileID: 0}
    - target: {fileID: 4002294723605912, guid: 7389451f6ea486d4895217ba5416018c, type: 2}
      propertyPath: m_LocalPosition.y
      value: 0.4
      objectReference: {fileID: 0}
    - target: {fileID: 4002294723605912, guid: 7389451f6ea486d4895217ba5416018c, type: 2}
      propertyPath: m_LocalPosition.z
      value: 0
      objectReference: {fileID: 0}
    - target: {fileID: 4002294723605912, guid: 7389451f6ea486d4895217ba5416018c, type: 2}
      propertyPath: m_LocalRotation.x
      value: -0
      objectReference: {fileID: 0}
    - target: {fileID: 4002294723605912, guid: 7389451f6ea486d4895217ba5416018c, type: 2}
      propertyPath: m_LocalRotation.y
      value: -0
      objectReference: {fileID: 0}
    - target: {fileID: 4002294723605912, guid: 7389451f6ea486d4895217ba5416018c, type: 2}
      propertyPath: m_LocalRotation.z
      value: -0.7415973
      objectReference: {fileID: 0}
    - target: {fileID: 4002294723605912, guid: 7389451f6ea486d4895217ba5416018c, type: 2}
      propertyPath: m_LocalRotation.w
      value: 0.6708454
      objectReference: {fileID: 0}
    - target: {fileID: 4002294723605912, guid: 7389451f6ea486d4895217ba5416018c, type: 2}
      propertyPath: m_RootOrder
      value: 7
      objectReference: {fileID: 0}
    - target: {fileID: 1869749573219252, guid: 7389451f6ea486d4895217ba5416018c, type: 2}
      propertyPath: m_Name
      value: Launch Pad
      objectReference: {fileID: 0}
    - target: {fileID: 4002294723605912, guid: 7389451f6ea486d4895217ba5416018c, type: 2}
      propertyPath: m_LocalEulerAnglesHint.z
      value: -95.73501
      objectReference: {fileID: 0}
    m_RemovedComponents: []
  m_SourcePrefab: {fileID: 100100000, guid: 7389451f6ea486d4895217ba5416018c, type: 2}
  m_IsPrefabAsset: 0
--- !u!1001 &371770146
Prefab:
  m_ObjectHideFlags: 0
  serializedVersion: 2
  m_Modification:
    m_TransformParent: {fileID: 0}
    m_Modifications:
    - target: {fileID: 4002294723605912, guid: 7389451f6ea486d4895217ba5416018c, type: 2}
      propertyPath: m_LocalPosition.x
      value: -50.8
      objectReference: {fileID: 0}
    - target: {fileID: 4002294723605912, guid: 7389451f6ea486d4895217ba5416018c, type: 2}
      propertyPath: m_LocalPosition.y
      value: 23.1
      objectReference: {fileID: 0}
    - target: {fileID: 4002294723605912, guid: 7389451f6ea486d4895217ba5416018c, type: 2}
      propertyPath: m_LocalPosition.z
      value: 0
      objectReference: {fileID: 0}
    - target: {fileID: 4002294723605912, guid: 7389451f6ea486d4895217ba5416018c, type: 2}
      propertyPath: m_LocalRotation.x
      value: 0
      objectReference: {fileID: 0}
    - target: {fileID: 4002294723605912, guid: 7389451f6ea486d4895217ba5416018c, type: 2}
      propertyPath: m_LocalRotation.y
      value: 0
      objectReference: {fileID: 0}
    - target: {fileID: 4002294723605912, guid: 7389451f6ea486d4895217ba5416018c, type: 2}
      propertyPath: m_LocalRotation.z
      value: 0
      objectReference: {fileID: 0}
    - target: {fileID: 4002294723605912, guid: 7389451f6ea486d4895217ba5416018c, type: 2}
      propertyPath: m_LocalRotation.w
      value: 1
      objectReference: {fileID: 0}
    - target: {fileID: 4002294723605912, guid: 7389451f6ea486d4895217ba5416018c, type: 2}
      propertyPath: m_RootOrder
      value: 5
      objectReference: {fileID: 0}
    - target: {fileID: 1869749573219252, guid: 7389451f6ea486d4895217ba5416018c, type: 2}
      propertyPath: m_Name
      value: Landing Pad
      objectReference: {fileID: 0}
    m_RemovedComponents: []
  m_SourcePrefab: {fileID: 100100000, guid: 7389451f6ea486d4895217ba5416018c, type: 2}
  m_IsPrefabAsset: 0
--- !u!4 &441566405 stripped
Transform:
  m_CorrespondingSourceObject: {fileID: 4076576686946020, guid: 3841e30ecde9a0c43b0f2861f729b70c,
    type: 2}
  m_PrefabInternal: {fileID: 843457546}
--- !u!4 &540470445 stripped
Transform:
  m_CorrespondingSourceObject: {fileID: 4076576686946020, guid: 3841e30ecde9a0c43b0f2861f729b70c,
    type: 2}
  m_PrefabInternal: {fileID: 1893897409}
--- !u!4 &664952273 stripped
Transform:
  m_CorrespondingSourceObject: {fileID: 4076576686946020, guid: 3841e30ecde9a0c43b0f2861f729b70c,
    type: 2}
  m_PrefabInternal: {fileID: 991865602}
--- !u!1001 &843457546
Prefab:
  m_ObjectHideFlags: 0
  serializedVersion: 2
  m_Modification:
    m_TransformParent: {fileID: 1154367994}
    m_Modifications:
    - target: {fileID: 4076576686946020, guid: 3841e30ecde9a0c43b0f2861f729b70c, type: 2}
      propertyPath: m_LocalPosition.x
      value: 22
      objectReference: {fileID: 0}
    - target: {fileID: 4076576686946020, guid: 3841e30ecde9a0c43b0f2861f729b70c, type: 2}
      propertyPath: m_LocalPosition.y
      value: 8.06
      objectReference: {fileID: 0}
    - target: {fileID: 4076576686946020, guid: 3841e30ecde9a0c43b0f2861f729b70c, type: 2}
      propertyPath: m_LocalPosition.z
      value: -97.34
      objectReference: {fileID: 0}
    - target: {fileID: 4076576686946020, guid: 3841e30ecde9a0c43b0f2861f729b70c, type: 2}
      propertyPath: m_LocalRotation.x
      value: -0.486932
      objectReference: {fileID: 0}
    - target: {fileID: 4076576686946020, guid: 3841e30ecde9a0c43b0f2861f729b70c, type: 2}
      propertyPath: m_LocalRotation.y
      value: 0.5011367
      objectReference: {fileID: 0}
    - target: {fileID: 4076576686946020, guid: 3841e30ecde9a0c43b0f2861f729b70c, type: 2}
      propertyPath: m_LocalRotation.z
      value: -0.49904564
      objectReference: {fileID: 0}
    - target: {fileID: 4076576686946020, guid: 3841e30ecde9a0c43b0f2861f729b70c, type: 2}
      propertyPath: m_LocalRotation.w
      value: 0.5125551
      objectReference: {fileID: 0}
    - target: {fileID: 4076576686946020, guid: 3841e30ecde9a0c43b0f2861f729b70c, type: 2}
      propertyPath: m_RootOrder
      value: 21
      objectReference: {fileID: 0}
    - target: {fileID: 1062396769539612, guid: 3841e30ecde9a0c43b0f2861f729b70c, type: 2}
      propertyPath: m_Name
      value: Obstacle (20)
      objectReference: {fileID: 0}
    - target: {fileID: 4076576686946020, guid: 3841e30ecde9a0c43b0f2861f729b70c, type: 2}
      propertyPath: m_LocalEulerAnglesHint.x
      value: 0.059000004
      objectReference: {fileID: 0}
    - target: {fileID: 4076576686946020, guid: 3841e30ecde9a0c43b0f2861f729b70c, type: 2}
      propertyPath: m_LocalEulerAnglesHint.y
      value: 88.652
      objectReference: {fileID: 0}
    - target: {fileID: 4076576686946020, guid: 3841e30ecde9a0c43b0f2861f729b70c, type: 2}
      propertyPath: m_LocalEulerAnglesHint.z
      value: -88.413
      objectReference: {fileID: 0}
    - target: {fileID: 4076576686946020, guid: 3841e30ecde9a0c43b0f2861f729b70c, type: 2}
      propertyPath: m_LocalScale.y
      value: 23.117577
      objectReference: {fileID: 0}
    - target: {fileID: 4076576686946020, guid: 3841e30ecde9a0c43b0f2861f729b70c, type: 2}
      propertyPath: m_LocalScale.x
      value: 2.0669804
      objectReference: {fileID: 0}
    - target: {fileID: 4076576686946020, guid: 3841e30ecde9a0c43b0f2861f729b70c, type: 2}
      propertyPath: m_LocalScale.z
      value: 43.782017
      objectReference: {fileID: 0}
    m_RemovedComponents: []
  m_SourcePrefab: {fileID: 100100000, guid: 3841e30ecde9a0c43b0f2861f729b70c, type: 2}
  m_IsPrefabAsset: 0
--- !u!1001 &861320387
Prefab:
  m_ObjectHideFlags: 0
  serializedVersion: 2
  m_Modification:
    m_TransformParent: {fileID: 1154367994}
    m_Modifications:
    - target: {fileID: 4076576686946020, guid: 3841e30ecde9a0c43b0f2861f729b70c, type: 2}
      propertyPath: m_LocalPosition.x
      value: -72.3
      objectReference: {fileID: 0}
    - target: {fileID: 4076576686946020, guid: 3841e30ecde9a0c43b0f2861f729b70c, type: 2}
      propertyPath: m_LocalPosition.y
      value: 28.72
      objectReference: {fileID: 0}
    - target: {fileID: 4076576686946020, guid: 3841e30ecde9a0c43b0f2861f729b70c, type: 2}
      propertyPath: m_LocalPosition.z
      value: -94.06
      objectReference: {fileID: 0}
    - target: {fileID: 4076576686946020, guid: 3841e30ecde9a0c43b0f2861f729b70c, type: 2}
      propertyPath: m_LocalRotation.x
      value: -0.03406498
      objectReference: {fileID: 0}
    - target: {fileID: 4076576686946020, guid: 3841e30ecde9a0c43b0f2861f729b70c, type: 2}
      propertyPath: m_LocalRotation.y
      value: -0.008054124
      objectReference: {fileID: 0}
    - target: {fileID: 4076576686946020, guid: 3841e30ecde9a0c43b0f2861f729b70c, type: 2}
      propertyPath: m_LocalRotation.z
      value: -0.92661357
      objectReference: {fileID: 0}
    - target: {fileID: 4076576686946020, guid: 3841e30ecde9a0c43b0f2861f729b70c, type: 2}
      propertyPath: m_LocalRotation.w
      value: 0.3743822
      objectReference: {fileID: 0}
    - target: {fileID: 4076576686946020, guid: 3841e30ecde9a0c43b0f2861f729b70c, type: 2}
      propertyPath: m_RootOrder
      value: 8
      objectReference: {fileID: 0}
    - target: {fileID: 1062396769539612, guid: 3841e30ecde9a0c43b0f2861f729b70c, type: 2}
      propertyPath: m_Name
      value: Obstacle (9)
      objectReference: {fileID: 0}
    - target: {fileID: 4076576686946020, guid: 3841e30ecde9a0c43b0f2861f729b70c, type: 2}
      propertyPath: m_LocalEulerAnglesHint.x
      value: -2.3170002
      objectReference: {fileID: 0}
    - target: {fileID: 4076576686946020, guid: 3841e30ecde9a0c43b0f2861f729b70c, type: 2}
      propertyPath: m_LocalEulerAnglesHint.y
      value: 3.2760003
      objectReference: {fileID: 0}
    - target: {fileID: 4076576686946020, guid: 3841e30ecde9a0c43b0f2861f729b70c, type: 2}
      propertyPath: m_LocalEulerAnglesHint.z
      value: -136.06601
      objectReference: {fileID: 0}
    - target: {fileID: 4076576686946020, guid: 3841e30ecde9a0c43b0f2861f729b70c, type: 2}
      propertyPath: m_LocalScale.x
      value: 2.4746494
      objectReference: {fileID: 0}
    - target: {fileID: 4076576686946020, guid: 3841e30ecde9a0c43b0f2861f729b70c, type: 2}
      propertyPath: m_LocalScale.y
      value: 24.095802
      objectReference: {fileID: 0}
    - target: {fileID: 4076576686946020, guid: 3841e30ecde9a0c43b0f2861f729b70c, type: 2}
      propertyPath: m_LocalScale.z
      value: 6.05503
      objectReference: {fileID: 0}
    m_RemovedComponents: []
  m_SourcePrefab: {fileID: 100100000, guid: 3841e30ecde9a0c43b0f2861f729b70c, type: 2}
  m_IsPrefabAsset: 0
--- !u!1001 &915075752
Prefab:
  m_ObjectHideFlags: 0
  serializedVersion: 2
  m_Modification:
    m_TransformParent: {fileID: 1154367994}
    m_Modifications:
    - target: {fileID: 4076576686946020, guid: 3841e30ecde9a0c43b0f2861f729b70c, type: 2}
      propertyPath: m_LocalPosition.x
      value: 6.5
      objectReference: {fileID: 0}
    - target: {fileID: 4076576686946020, guid: 3841e30ecde9a0c43b0f2861f729b70c, type: 2}
      propertyPath: m_LocalPosition.y
      value: 45.6
      objectReference: {fileID: 0}
    - target: {fileID: 4076576686946020, guid: 3841e30ecde9a0c43b0f2861f729b70c, type: 2}
      propertyPath: m_LocalPosition.z
      value: -96.4
      objectReference: {fileID: 0}
    - target: {fileID: 4076576686946020, guid: 3841e30ecde9a0c43b0f2861f729b70c, type: 2}
      propertyPath: m_LocalRotation.x
      value: -0.37241042
      objectReference: {fileID: 0}
    - target: {fileID: 4076576686946020, guid: 3841e30ecde9a0c43b0f2861f729b70c, type: 2}
      propertyPath: m_LocalRotation.y
      value: -0.20944537
      objectReference: {fileID: 0}
    - target: {fileID: 4076576686946020, guid: 3841e30ecde9a0c43b0f2861f729b70c, type: 2}
      propertyPath: m_LocalRotation.z
      value: -0.6192775
      objectReference: {fileID: 0}
    - target: {fileID: 4076576686946020, guid: 3841e30ecde9a0c43b0f2861f729b70c, type: 2}
      propertyPath: m_LocalRotation.w
      value: 0.6587401
      objectReference: {fileID: 0}
    - target: {fileID: 4076576686946020, guid: 3841e30ecde9a0c43b0f2861f729b70c, type: 2}
      propertyPath: m_RootOrder
      value: 13
      objectReference: {fileID: 0}
    - target: {fileID: 1062396769539612, guid: 3841e30ecde9a0c43b0f2861f729b70c, type: 2}
      propertyPath: m_Name
      value: Obstacle (12)
      objectReference: {fileID: 0}
    - target: {fileID: 4076576686946020, guid: 3841e30ecde9a0c43b0f2861f729b70c, type: 2}
      propertyPath: m_LocalEulerAnglesHint.x
      value: -48.595
      objectReference: {fileID: 0}
    - target: {fileID: 4076576686946020, guid: 3841e30ecde9a0c43b0f2861f729b70c, type: 2}
      propertyPath: m_LocalEulerAnglesHint.y
      value: 16.271
      objectReference: {fileID: 0}
    - target: {fileID: 4076576686946020, guid: 3841e30ecde9a0c43b0f2861f729b70c, type: 2}
      propertyPath: m_LocalEulerAnglesHint.z
      value: -93.84801
      objectReference: {fileID: 0}
    - target: {fileID: 4076576686946020, guid: 3841e30ecde9a0c43b0f2861f729b70c, type: 2}
      propertyPath: m_LocalScale.y
      value: 28.50817
      objectReference: {fileID: 0}
    - target: {fileID: 4076576686946020, guid: 3841e30ecde9a0c43b0f2861f729b70c, type: 2}
      propertyPath: m_LocalScale.x
      value: 2.47465
      objectReference: {fileID: 0}
    - target: {fileID: 4076576686946020, guid: 3841e30ecde9a0c43b0f2861f729b70c, type: 2}
      propertyPath: m_LocalScale.z
      value: 4.8894
      objectReference: {fileID: 0}
    m_RemovedComponents: []
  m_SourcePrefab: {fileID: 100100000, guid: 3841e30ecde9a0c43b0f2861f729b70c, type: 2}
  m_IsPrefabAsset: 0
--- !u!4 &958365581 stripped
Transform:
  m_CorrespondingSourceObject: {fileID: 4076576686946020, guid: 3841e30ecde9a0c43b0f2861f729b70c,
    type: 2}
  m_PrefabInternal: {fileID: 132415802}
--- !u!1001 &972555644
Prefab:
  m_ObjectHideFlags: 0
  serializedVersion: 2
  m_Modification:
    m_TransformParent: {fileID: 1154367994}
    m_Modifications:
    - target: {fileID: 4076576686946020, guid: 3841e30ecde9a0c43b0f2861f729b70c, type: 2}
      propertyPath: m_LocalPosition.x
      value: -8.8
      objectReference: {fileID: 0}
    - target: {fileID: 4076576686946020, guid: 3841e30ecde9a0c43b0f2861f729b70c, type: 2}
      propertyPath: m_LocalPosition.y
      value: 8.1
      objectReference: {fileID: 0}
    - target: {fileID: 4076576686946020, guid: 3841e30ecde9a0c43b0f2861f729b70c, type: 2}
      propertyPath: m_LocalPosition.z
      value: -97.15
      objectReference: {fileID: 0}
    - target: {fileID: 4076576686946020, guid: 3841e30ecde9a0c43b0f2861f729b70c, type: 2}
      propertyPath: m_LocalRotation.x
      value: -0.47115406
      objectReference: {fileID: 0}
    - target: {fileID: 4076576686946020, guid: 3841e30ecde9a0c43b0f2861f729b70c, type: 2}
      propertyPath: m_LocalRotation.y
      value: 0.5164305
      objectReference: {fileID: 0}
    - target: {fileID: 4076576686946020, guid: 3841e30ecde9a0c43b0f2861f729b70c, type: 2}
      propertyPath: m_LocalRotation.z
      value: -0.5302398
      objectReference: {fileID: 0}
    - target: {fileID: 4076576686946020, guid: 3841e30ecde9a0c43b0f2861f729b70c, type: 2}
      propertyPath: m_LocalRotation.w
      value: 0.4797491
      objectReference: {fileID: 0}
    - target: {fileID: 4076576686946020, guid: 3841e30ecde9a0c43b0f2861f729b70c, type: 2}
      propertyPath: m_RootOrder
      value: 17
      objectReference: {fileID: 0}
    - target: {fileID: 1062396769539612, guid: 3841e30ecde9a0c43b0f2861f729b70c, type: 2}
      propertyPath: m_Name
      value: Obstacle (16)
      objectReference: {fileID: 0}
    - target: {fileID: 4076576686946020, guid: 3841e30ecde9a0c43b0f2861f729b70c, type: 2}
      propertyPath: m_LocalEulerAnglesHint.x
      value: 5.485
      objectReference: {fileID: 0}
    - target: {fileID: 4076576686946020, guid: 3841e30ecde9a0c43b0f2861f729b70c, type: 2}
      propertyPath: m_LocalEulerAnglesHint.y
      value: 88.698006
      objectReference: {fileID: 0}
    - target: {fileID: 4076576686946020, guid: 3841e30ecde9a0c43b0f2861f729b70c, type: 2}
      propertyPath: m_LocalEulerAnglesHint.z
      value: -90.36201
      objectReference: {fileID: 0}
    - target: {fileID: 4076576686946020, guid: 3841e30ecde9a0c43b0f2861f729b70c, type: 2}
      propertyPath: m_LocalScale.y
      value: 23.117588
      objectReference: {fileID: 0}
    - target: {fileID: 4076576686946020, guid: 3841e30ecde9a0c43b0f2861f729b70c, type: 2}
      propertyPath: m_LocalScale.x
      value: 2.4746509
      objectReference: {fileID: 0}
    - target: {fileID: 4076576686946020, guid: 3841e30ecde9a0c43b0f2861f729b70c, type: 2}
      propertyPath: m_LocalScale.z
      value: 25.810959
      objectReference: {fileID: 0}
    m_RemovedComponents: []
  m_SourcePrefab: {fileID: 100100000, guid: 3841e30ecde9a0c43b0f2861f729b70c, type: 2}
  m_IsPrefabAsset: 0
--- !u!4 &972555645 stripped
Transform:
  m_CorrespondingSourceObject: {fileID: 4076576686946020, guid: 3841e30ecde9a0c43b0f2861f729b70c,
    type: 2}
  m_PrefabInternal: {fileID: 972555644}
--- !u!1001 &991865602
Prefab:
  m_ObjectHideFlags: 0
  serializedVersion: 2
  m_Modification:
    m_TransformParent: {fileID: 1154367994}
    m_Modifications:
    - target: {fileID: 4076576686946020, guid: 3841e30ecde9a0c43b0f2861f729b70c, type: 2}
      propertyPath: m_LocalPosition.x
      value: -28.6
      objectReference: {fileID: 0}
    - target: {fileID: 4076576686946020, guid: 3841e30ecde9a0c43b0f2861f729b70c, type: 2}
      propertyPath: m_LocalPosition.y
      value: 8.7
      objectReference: {fileID: 0}
    - target: {fileID: 4076576686946020, guid: 3841e30ecde9a0c43b0f2861f729b70c, type: 2}
      propertyPath: m_LocalPosition.z
      value: -96.8
      objectReference: {fileID: 0}
    - target: {fileID: 4076576686946020, guid: 3841e30ecde9a0c43b0f2861f729b70c, type: 2}
      propertyPath: m_LocalRotation.x
      value: -0.49913028
      objectReference: {fileID: 0}
    - target: {fileID: 4076576686946020, guid: 3841e30ecde9a0c43b0f2861f729b70c, type: 2}
      propertyPath: m_LocalRotation.y
      value: 0.4500153
      objectReference: {fileID: 0}
    - target: {fileID: 4076576686946020, guid: 3841e30ecde9a0c43b0f2861f729b70c, type: 2}
      propertyPath: m_LocalRotation.z
      value: -0.49687532
      objectReference: {fileID: 0}
    - target: {fileID: 4076576686946020, guid: 3841e30ecde9a0c43b0f2861f729b70c, type: 2}
      propertyPath: m_LocalRotation.w
      value: 0.54906297
      objectReference: {fileID: 0}
    - target: {fileID: 4076576686946020, guid: 3841e30ecde9a0c43b0f2861f729b70c, type: 2}
      propertyPath: m_RootOrder
      value: 16
      objectReference: {fileID: 0}
    - target: {fileID: 1062396769539612, guid: 3841e30ecde9a0c43b0f2861f729b70c, type: 2}
      propertyPath: m_Name
      value: Obstacle (15)
      objectReference: {fileID: 0}
    - target: {fileID: 4076576686946020, guid: 3841e30ecde9a0c43b0f2861f729b70c, type: 2}
      propertyPath: m_LocalEulerAnglesHint.x
      value: -5.7910004
      objectReference: {fileID: 0}
    - target: {fileID: 4076576686946020, guid: 3841e30ecde9a0c43b0f2861f729b70c, type: 2}
      propertyPath: m_LocalEulerAnglesHint.y
      value: 84.422005
      objectReference: {fileID: 0}
    - target: {fileID: 4076576686946020, guid: 3841e30ecde9a0c43b0f2861f729b70c, type: 2}
      propertyPath: m_LocalEulerAnglesHint.z
      value: -89.54101
      objectReference: {fileID: 0}
    - target: {fileID: 4076576686946020, guid: 3841e30ecde9a0c43b0f2861f729b70c, type: 2}
      propertyPath: m_LocalScale.y
      value: 23.117558
      objectReference: {fileID: 0}
    - target: {fileID: 4076576686946020, guid: 3841e30ecde9a0c43b0f2861f729b70c, type: 2}
      propertyPath: m_LocalScale.x
      value: 2.0669768
      objectReference: {fileID: 0}
    - target: {fileID: 4076576686946020, guid: 3841e30ecde9a0c43b0f2861f729b70c, type: 2}
      propertyPath: m_LocalScale.z
      value: 17.5135
      objectReference: {fileID: 0}
    m_RemovedComponents: []
  m_SourcePrefab: {fileID: 100100000, guid: 3841e30ecde9a0c43b0f2861f729b70c, type: 2}
  m_IsPrefabAsset: 0
--- !u!1001 &1006492956
Prefab:
  m_ObjectHideFlags: 0
  serializedVersion: 2
  m_Modification:
    m_TransformParent: {fileID: 1154367994}
    m_Modifications:
    - target: {fileID: 4076576686946020, guid: 3841e30ecde9a0c43b0f2861f729b70c, type: 2}
      propertyPath: m_LocalPosition.x
      value: 26.45757
      objectReference: {fileID: 0}
    - target: {fileID: 4076576686946020, guid: 3841e30ecde9a0c43b0f2861f729b70c, type: 2}
      propertyPath: m_LocalPosition.y
      value: 43.78162
      objectReference: {fileID: 0}
    - target: {fileID: 4076576686946020, guid: 3841e30ecde9a0c43b0f2861f729b70c, type: 2}
      propertyPath: m_LocalPosition.z
      value: -98.63928
      objectReference: {fileID: 0}
    - target: {fileID: 4076576686946020, guid: 3841e30ecde9a0c43b0f2861f729b70c, type: 2}
      propertyPath: m_LocalRotation.x
      value: -0
      objectReference: {fileID: 0}
    - target: {fileID: 4076576686946020, guid: 3841e30ecde9a0c43b0f2861f729b70c, type: 2}
      propertyPath: m_LocalRotation.y
      value: -0
      objectReference: {fileID: 0}
    - target: {fileID: 4076576686946020, guid: 3841e30ecde9a0c43b0f2861f729b70c, type: 2}
      propertyPath: m_LocalRotation.z
      value: -0.315198
      objectReference: {fileID: 0}
    - target: {fileID: 4076576686946020, guid: 3841e30ecde9a0c43b0f2861f729b70c, type: 2}
      propertyPath: m_LocalRotation.w
      value: 0.9490259
      objectReference: {fileID: 0}
    - target: {fileID: 4076576686946020, guid: 3841e30ecde9a0c43b0f2861f729b70c, type: 2}
      propertyPath: m_RootOrder
      value: 1
      objectReference: {fileID: 0}
    - target: {fileID: 1062396769539612, guid: 3841e30ecde9a0c43b0f2861f729b70c, type: 2}
      propertyPath: m_Name
      value: Obstacle (3)
      objectReference: {fileID: 0}
    - target: {fileID: 4076576686946020, guid: 3841e30ecde9a0c43b0f2861f729b70c, type: 2}
      propertyPath: m_LocalScale.z
      value: 20.402489
      objectReference: {fileID: 0}
    - target: {fileID: 4076576686946020, guid: 3841e30ecde9a0c43b0f2861f729b70c, type: 2}
      propertyPath: m_LocalScale.y
      value: 15.769564
      objectReference: {fileID: 0}
    - target: {fileID: 4076576686946020, guid: 3841e30ecde9a0c43b0f2861f729b70c, type: 2}
      propertyPath: m_LocalEulerAnglesHint.z
      value: -36.746002
      objectReference: {fileID: 0}
    - target: {fileID: 4076576686946020, guid: 3841e30ecde9a0c43b0f2861f729b70c, type: 2}
      propertyPath: m_LocalScale.x
      value: 2.4746482
      objectReference: {fileID: 0}
    m_RemovedComponents: []
  m_SourcePrefab: {fileID: 100100000, guid: 3841e30ecde9a0c43b0f2861f729b70c, type: 2}
  m_IsPrefabAsset: 0
--- !u!4 &1006492957 stripped
Transform:
  m_CorrespondingSourceObject: {fileID: 4076576686946020, guid: 3841e30ecde9a0c43b0f2861f729b70c,
    type: 2}
  m_PrefabInternal: {fileID: 1006492956}
--- !u!1001 &1035538926
Prefab:
  m_ObjectHideFlags: 0
  serializedVersion: 2
  m_Modification:
    m_TransformParent: {fileID: 1154367994}
    m_Modifications:
    - target: {fileID: 4076576686946020, guid: 3841e30ecde9a0c43b0f2861f729b70c, type: 2}
      propertyPath: m_LocalPosition.x
      value: -82.6
      objectReference: {fileID: 0}
    - target: {fileID: 4076576686946020, guid: 3841e30ecde9a0c43b0f2861f729b70c, type: 2}
      propertyPath: m_LocalPosition.y
      value: 30.78
      objectReference: {fileID: 0}
    - target: {fileID: 4076576686946020, guid: 3841e30ecde9a0c43b0f2861f729b70c, type: 2}
      propertyPath: m_LocalPosition.z
      value: -94.06
      objectReference: {fileID: 0}
    - target: {fileID: 4076576686946020, guid: 3841e30ecde9a0c43b0f2861f729b70c, type: 2}
      propertyPath: m_LocalRotation.x
      value: 0.08893363
      objectReference: {fileID: 0}
    - target: {fileID: 4076576686946020, guid: 3841e30ecde9a0c43b0f2861f729b70c, type: 2}
      propertyPath: m_LocalRotation.y
      value: -0.013711615
      objectReference: {fileID: 0}
    - target: {fileID: 4076576686946020, guid: 3841e30ecde9a0c43b0f2861f729b70c, type: 2}
      propertyPath: m_LocalRotation.z
      value: -0.31677842
      objectReference: {fileID: 0}
    - target: {fileID: 4076576686946020, guid: 3841e30ecde9a0c43b0f2861f729b70c, type: 2}
      propertyPath: m_LocalRotation.w
      value: 0.9442215
      objectReference: {fileID: 0}
    - target: {fileID: 4076576686946020, guid: 3841e30ecde9a0c43b0f2861f729b70c, type: 2}
      propertyPath: m_RootOrder
      value: 7
      objectReference: {fileID: 0}
    - target: {fileID: 1062396769539612, guid: 3841e30ecde9a0c43b0f2861f729b70c, type: 2}
      propertyPath: m_Name
      value: Obstacle (8)
      objectReference: {fileID: 0}
    - target: {fileID: 4076576686946020, guid: 3841e30ecde9a0c43b0f2861f729b70c, type: 2}
      propertyPath: m_LocalEulerAnglesHint.x
      value: 9.1640005
      objectReference: {fileID: 0}
    - target: {fileID: 4076576686946020, guid: 3841e30ecde9a0c43b0f2861f729b70c, type: 2}
      propertyPath: m_LocalEulerAnglesHint.y
      value: -4.7780004
      objectReference: {fileID: 0}
    - target: {fileID: 4076576686946020, guid: 3841e30ecde9a0c43b0f2861f729b70c, type: 2}
      propertyPath: m_LocalEulerAnglesHint.z
      value: -37.476
      objectReference: {fileID: 0}
    - target: {fileID: 4076576686946020, guid: 3841e30ecde9a0c43b0f2861f729b70c, type: 2}
      propertyPath: m_LocalScale.x
      value: 2.4746497
      objectReference: {fileID: 0}
    - target: {fileID: 4076576686946020, guid: 3841e30ecde9a0c43b0f2861f729b70c, type: 2}
      propertyPath: m_LocalScale.y
      value: 31.333233
      objectReference: {fileID: 0}
    - target: {fileID: 4076576686946020, guid: 3841e30ecde9a0c43b0f2861f729b70c, type: 2}
      propertyPath: m_LocalScale.z
      value: 18.122107
      objectReference: {fileID: 0}
    m_RemovedComponents: []
  m_SourcePrefab: {fileID: 100100000, guid: 3841e30ecde9a0c43b0f2861f729b70c, type: 2}
  m_IsPrefabAsset: 0
--- !u!1001 &1073532504
Prefab:
  m_ObjectHideFlags: 0
  serializedVersion: 2
  m_Modification:
    m_TransformParent: {fileID: 1154367994}
    m_Modifications:
    - target: {fileID: 4076576686946020, guid: 3841e30ecde9a0c43b0f2861f729b70c, type: 2}
      propertyPath: m_LocalPosition.x
      value: -18.9
      objectReference: {fileID: 0}
    - target: {fileID: 4076576686946020, guid: 3841e30ecde9a0c43b0f2861f729b70c, type: 2}
      propertyPath: m_LocalPosition.y
      value: 45.6
      objectReference: {fileID: 0}
    - target: {fileID: 4076576686946020, guid: 3841e30ecde9a0c43b0f2861f729b70c, type: 2}
      propertyPath: m_LocalPosition.z
      value: -96.4
      objectReference: {fileID: 0}
    - target: {fileID: 4076576686946020, guid: 3841e30ecde9a0c43b0f2861f729b70c, type: 2}
      propertyPath: m_LocalRotation.x
      value: -0.37241042
      objectReference: {fileID: 0}
    - target: {fileID: 4076576686946020, guid: 3841e30ecde9a0c43b0f2861f729b70c, type: 2}
      propertyPath: m_LocalRotation.y
      value: -0.20944537
      objectReference: {fileID: 0}
    - target: {fileID: 4076576686946020, guid: 3841e30ecde9a0c43b0f2861f729b70c, type: 2}
      propertyPath: m_LocalRotation.z
      value: -0.6192775
      objectReference: {fileID: 0}
    - target: {fileID: 4076576686946020, guid: 3841e30ecde9a0c43b0f2861f729b70c, type: 2}
      propertyPath: m_LocalRotation.w
      value: 0.6587401
      objectReference: {fileID: 0}
    - target: {fileID: 4076576686946020, guid: 3841e30ecde9a0c43b0f2861f729b70c, type: 2}
      propertyPath: m_RootOrder
      value: 11
      objectReference: {fileID: 0}
    - target: {fileID: 1062396769539612, guid: 3841e30ecde9a0c43b0f2861f729b70c, type: 2}
      propertyPath: m_Name
      value: Obstacle (7)
      objectReference: {fileID: 0}
    - target: {fileID: 4076576686946020, guid: 3841e30ecde9a0c43b0f2861f729b70c, type: 2}
      propertyPath: m_LocalEulerAnglesHint.x
      value: -48.595
      objectReference: {fileID: 0}
    - target: {fileID: 4076576686946020, guid: 3841e30ecde9a0c43b0f2861f729b70c, type: 2}
      propertyPath: m_LocalEulerAnglesHint.y
      value: 16.271
      objectReference: {fileID: 0}
    - target: {fileID: 4076576686946020, guid: 3841e30ecde9a0c43b0f2861f729b70c, type: 2}
      propertyPath: m_LocalEulerAnglesHint.z
      value: -93.84801
      objectReference: {fileID: 0}
    - target: {fileID: 4076576686946020, guid: 3841e30ecde9a0c43b0f2861f729b70c, type: 2}
      propertyPath: m_LocalScale.y
      value: 28.895874
      objectReference: {fileID: 0}
    - target: {fileID: 4076576686946020, guid: 3841e30ecde9a0c43b0f2861f729b70c, type: 2}
      propertyPath: m_LocalScale.x
      value: 2.4746497
      objectReference: {fileID: 0}
    - target: {fileID: 4076576686946020, guid: 3841e30ecde9a0c43b0f2861f729b70c, type: 2}
      propertyPath: m_LocalScale.z
      value: 5.708375
      objectReference: {fileID: 0}
    m_RemovedComponents: []
  m_SourcePrefab: {fileID: 100100000, guid: 3841e30ecde9a0c43b0f2861f729b70c, type: 2}
  m_IsPrefabAsset: 0
--- !u!4 &1073532505 stripped
Transform:
  m_CorrespondingSourceObject: {fileID: 4076576686946020, guid: 3841e30ecde9a0c43b0f2861f729b70c,
    type: 2}
  m_PrefabInternal: {fileID: 1073532504}
--- !u!1001 &1079464817
Prefab:
  m_ObjectHideFlags: 0
  serializedVersion: 2
  m_Modification:
    m_TransformParent: {fileID: 0}
    m_Modifications:
    - target: {fileID: 4998179231883602, guid: 7a68df74cabad8f449edcff669000c8b, type: 2}
      propertyPath: m_LocalPosition.x
      value: -68.5
      objectReference: {fileID: 0}
    - target: {fileID: 4998179231883602, guid: 7a68df74cabad8f449edcff669000c8b, type: 2}
      propertyPath: m_LocalPosition.y
      value: 3.03
      objectReference: {fileID: 0}
    - target: {fileID: 4998179231883602, guid: 7a68df74cabad8f449edcff669000c8b, type: 2}
      propertyPath: m_LocalPosition.z
      value: -0.12566566
      objectReference: {fileID: 0}
    - target: {fileID: 4998179231883602, guid: 7a68df74cabad8f449edcff669000c8b, type: 2}
      propertyPath: m_LocalRotation.x
      value: 0
      objectReference: {fileID: 0}
    - target: {fileID: 4998179231883602, guid: 7a68df74cabad8f449edcff669000c8b, type: 2}
      propertyPath: m_LocalRotation.y
      value: 0
      objectReference: {fileID: 0}
    - target: {fileID: 4998179231883602, guid: 7a68df74cabad8f449edcff669000c8b, type: 2}
      propertyPath: m_LocalRotation.z
      value: 0
      objectReference: {fileID: 0}
    - target: {fileID: 4998179231883602, guid: 7a68df74cabad8f449edcff669000c8b, type: 2}
      propertyPath: m_LocalRotation.w
      value: 1
      objectReference: {fileID: 0}
    - target: {fileID: 4998179231883602, guid: 7a68df74cabad8f449edcff669000c8b, type: 2}
      propertyPath: m_RootOrder
      value: 2
      objectReference: {fileID: 0}
    m_RemovedComponents: []
  m_SourcePrefab: {fileID: 100100000, guid: 7a68df74cabad8f449edcff669000c8b, type: 2}
  m_IsPrefabAsset: 0
--- !u!4 &1150693624 stripped
Transform:
  m_CorrespondingSourceObject: {fileID: 4076576686946020, guid: 3841e30ecde9a0c43b0f2861f729b70c,
    type: 2}
  m_PrefabInternal: {fileID: 915075752}
--- !u!1 &1154367993
GameObject:
  m_ObjectHideFlags: 0
  m_CorrespondingSourceObject: {fileID: 0}
  m_PrefabInternal: {fileID: 0}
  serializedVersion: 6
  m_Component:
  - component: {fileID: 1154367994}
  m_Layer: 0
  m_Name: Obstacles
  m_TagString: Untagged
  m_Icon: {fileID: 0}
  m_NavMeshLayer: 0
  m_StaticEditorFlags: 0
  m_IsActive: 1
--- !u!4 &1154367994
Transform:
  m_ObjectHideFlags: 0
  m_CorrespondingSourceObject: {fileID: 0}
  m_PrefabInternal: {fileID: 0}
  m_GameObject: {fileID: 1154367993}
  m_LocalRotation: {x: 0, y: 0, z: 0, w: 1}
  m_LocalPosition: {x: 9.182431, y: -8.901619, z: 94.439285}
  m_LocalScale: {x: 1, y: 1, z: 1}
  m_Children:
  - {fileID: 1999948286}
  - {fileID: 1006492957}
  - {fileID: 1871678937}
  - {fileID: 1796379636}
  - {fileID: 56312949}
  - {fileID: 118429585}
  - {fileID: 2141338703}
  - {fileID: 1421372976}
  - {fileID: 1284616509}
  - {fileID: 249266187}
  - {fileID: 1814580026}
  - {fileID: 1073532505}
  - {fileID: 1398867136}
  - {fileID: 1150693624}
  - {fileID: 540470445}
  - {fileID: 2056158569}
  - {fileID: 664952273}
  - {fileID: 972555645}
  - {fileID: 1586298858}
  - {fileID: 1563581308}
  - {fileID: 1446616491}
  - {fileID: 441566405}
  - {fileID: 958365581}
  - {fileID: 1812391935}
  m_Father: {fileID: 0}
  m_RootOrder: 8
  m_LocalEulerAnglesHint: {x: 0, y: 0, z: 0}
--- !u!1001 &1160088517
Prefab:
  m_ObjectHideFlags: 0
  serializedVersion: 2
  m_Modification:
    m_TransformParent: {fileID: 0}
    m_Modifications:
    - target: {fileID: 4439493854627036, guid: bf91865d43f4e194192751f5860390bd, type: 2}
      propertyPath: m_LocalPosition.x
      value: 0
      objectReference: {fileID: 0}
    - target: {fileID: 4439493854627036, guid: bf91865d43f4e194192751f5860390bd, type: 2}
      propertyPath: m_LocalPosition.y
      value: 38.7
      objectReference: {fileID: 0}
    - target: {fileID: 4439493854627036, guid: bf91865d43f4e194192751f5860390bd, type: 2}
      propertyPath: m_LocalPosition.z
      value: 3.5
      objectReference: {fileID: 0}
    - target: {fileID: 4439493854627036, guid: bf91865d43f4e194192751f5860390bd, type: 2}
      propertyPath: m_LocalRotation.x
      value: 0
      objectReference: {fileID: 0}
    - target: {fileID: 4439493854627036, guid: bf91865d43f4e194192751f5860390bd, type: 2}
      propertyPath: m_LocalRotation.y
      value: 0
      objectReference: {fileID: 0}
    - target: {fileID: 4439493854627036, guid: bf91865d43f4e194192751f5860390bd, type: 2}
      propertyPath: m_LocalRotation.z
      value: 0
      objectReference: {fileID: 0}
    - target: {fileID: 4439493854627036, guid: bf91865d43f4e194192751f5860390bd, type: 2}
      propertyPath: m_LocalRotation.w
      value: 1
      objectReference: {fileID: 0}
    - target: {fileID: 4439493854627036, guid: bf91865d43f4e194192751f5860390bd, type: 2}
      propertyPath: m_RootOrder
      value: 6
      objectReference: {fileID: 0}
    - target: {fileID: 23890700648278346, guid: bf91865d43f4e194192751f5860390bd,
        type: 2}
      propertyPath: m_Materials.Array.data[0]
      value: 
      objectReference: {fileID: 2100000, guid: b54683466486c804bb1655fdde4d0406, type: 2}
    - target: {fileID: 4439493854627036, guid: bf91865d43f4e194192751f5860390bd, type: 2}
      propertyPath: m_LocalScale.x
      value: 198.82916
      objectReference: {fileID: 0}
    - target: {fileID: 4439493854627036, guid: bf91865d43f4e194192751f5860390bd, type: 2}
      propertyPath: m_LocalScale.y
      value: 109.2447
      objectReference: {fileID: 0}
    m_RemovedComponents: []
  m_SourcePrefab: {fileID: 100100000, guid: bf91865d43f4e194192751f5860390bd, type: 2}
  m_IsPrefabAsset: 0
--- !u!1001 &1194545871
Prefab:
  m_ObjectHideFlags: 0
  serializedVersion: 2
  m_Modification:
    m_TransformParent: {fileID: 1154367994}
    m_Modifications:
    - target: {fileID: 4076576686946020, guid: 3841e30ecde9a0c43b0f2861f729b70c, type: 2}
      propertyPath: m_LocalPosition.x
      value: -38.2
      objectReference: {fileID: 0}
    - target: {fileID: 4076576686946020, guid: 3841e30ecde9a0c43b0f2861f729b70c, type: 2}
      propertyPath: m_LocalPosition.y
      value: 19.9
      objectReference: {fileID: 0}
    - target: {fileID: 4076576686946020, guid: 3841e30ecde9a0c43b0f2861f729b70c, type: 2}
      propertyPath: m_LocalPosition.z
      value: -95.6
      objectReference: {fileID: 0}
    - target: {fileID: 4076576686946020, guid: 3841e30ecde9a0c43b0f2861f729b70c, type: 2}
      propertyPath: m_LocalRotation.x
      value: 0.12944548
      objectReference: {fileID: 0}
    - target: {fileID: 4076576686946020, guid: 3841e30ecde9a0c43b0f2861f729b70c, type: 2}
      propertyPath: m_LocalRotation.y
      value: 0.07583371
      objectReference: {fileID: 0}
    - target: {fileID: 4076576686946020, guid: 3841e30ecde9a0c43b0f2861f729b70c, type: 2}
      propertyPath: m_LocalRotation.z
      value: -0.68938476
      objectReference: {fileID: 0}
    - target: {fileID: 4076576686946020, guid: 3841e30ecde9a0c43b0f2861f729b70c, type: 2}
      propertyPath: m_LocalRotation.w
      value: 0.7086902
      objectReference: {fileID: 0}
    - target: {fileID: 4076576686946020, guid: 3841e30ecde9a0c43b0f2861f729b70c, type: 2}
      propertyPath: m_RootOrder
      value: 12
      objectReference: {fileID: 0}
    - target: {fileID: 1062396769539612, guid: 3841e30ecde9a0c43b0f2861f729b70c, type: 2}
      propertyPath: m_Name
      value: Obstacle (11)
      objectReference: {fileID: 0}
    - target: {fileID: 4076576686946020, guid: 3841e30ecde9a0c43b0f2861f729b70c, type: 2}
      propertyPath: m_LocalEulerAnglesHint.x
      value: 16.740002
      objectReference: {fileID: 0}
    - target: {fileID: 4076576686946020, guid: 3841e30ecde9a0c43b0f2861f729b70c, type: 2}
      propertyPath: m_LocalEulerAnglesHint.y
      value: -4.2510004
      objectReference: {fileID: 0}
    - target: {fileID: 4076576686946020, guid: 3841e30ecde9a0c43b0f2861f729b70c, type: 2}
      propertyPath: m_LocalEulerAnglesHint.z
      value: -89.04401
      objectReference: {fileID: 0}
    - target: {fileID: 4076576686946020, guid: 3841e30ecde9a0c43b0f2861f729b70c, type: 2}
      propertyPath: m_LocalScale.y
      value: 22.502169
      objectReference: {fileID: 0}
    - target: {fileID: 4076576686946020, guid: 3841e30ecde9a0c43b0f2861f729b70c, type: 2}
      propertyPath: m_LocalScale.x
      value: 2.475888
      objectReference: {fileID: 0}
    - target: {fileID: 4076576686946020, guid: 3841e30ecde9a0c43b0f2861f729b70c, type: 2}
      propertyPath: m_LocalScale.z
      value: 6.1694756
      objectReference: {fileID: 0}
    m_RemovedComponents: []
  m_SourcePrefab: {fileID: 100100000, guid: 3841e30ecde9a0c43b0f2861f729b70c, type: 2}
  m_IsPrefabAsset: 0
--- !u!1001 &1214403381
Prefab:
  m_ObjectHideFlags: 0
  serializedVersion: 2
  m_Modification:
    m_TransformParent: {fileID: 1154367994}
    m_Modifications:
    - target: {fileID: 4076576686946020, guid: 3841e30ecde9a0c43b0f2861f729b70c, type: 2}
      propertyPath: m_LocalPosition.x
      value: 60.9
      objectReference: {fileID: 0}
    - target: {fileID: 4076576686946020, guid: 3841e30ecde9a0c43b0f2861f729b70c, type: 2}
      propertyPath: m_LocalPosition.y
      value: 22.2
      objectReference: {fileID: 0}
    - target: {fileID: 4076576686946020, guid: 3841e30ecde9a0c43b0f2861f729b70c, type: 2}
      propertyPath: m_LocalPosition.z
      value: -99.3
      objectReference: {fileID: 0}
    - target: {fileID: 4076576686946020, guid: 3841e30ecde9a0c43b0f2861f729b70c, type: 2}
      propertyPath: m_LocalRotation.x
      value: 0.014571593
      objectReference: {fileID: 0}
    - target: {fileID: 4076576686946020, guid: 3841e30ecde9a0c43b0f2861f729b70c, type: 2}
      propertyPath: m_LocalRotation.y
      value: -0.05391551
      objectReference: {fileID: 0}
    - target: {fileID: 4076576686946020, guid: 3841e30ecde9a0c43b0f2861f729b70c, type: 2}
      propertyPath: m_LocalRotation.z
      value: 0.1893489
      objectReference: {fileID: 0}
    - target: {fileID: 4076576686946020, guid: 3841e30ecde9a0c43b0f2861f729b70c, type: 2}
      propertyPath: m_LocalRotation.w
      value: 0.9803203
      objectReference: {fileID: 0}
    - target: {fileID: 4076576686946020, guid: 3841e30ecde9a0c43b0f2861f729b70c, type: 2}
      propertyPath: m_RootOrder
      value: 9
      objectReference: {fileID: 0}
    - target: {fileID: 1062396769539612, guid: 3841e30ecde9a0c43b0f2861f729b70c, type: 2}
      propertyPath: m_Name
      value: Obstacle (10)
      objectReference: {fileID: 0}
    - target: {fileID: 4076576686946020, guid: 3841e30ecde9a0c43b0f2861f729b70c, type: 2}
      propertyPath: m_LocalScale.x
      value: 2.47465
      objectReference: {fileID: 0}
    - target: {fileID: 4076576686946020, guid: 3841e30ecde9a0c43b0f2861f729b70c, type: 2}
      propertyPath: m_LocalScale.y
      value: 28.50815
      objectReference: {fileID: 0}
    - target: {fileID: 4076576686946020, guid: 3841e30ecde9a0c43b0f2861f729b70c, type: 2}
      propertyPath: m_LocalScale.z
      value: 14.823683
      objectReference: {fileID: 0}
    - target: {fileID: 4076576686946020, guid: 3841e30ecde9a0c43b0f2861f729b70c, type: 2}
      propertyPath: m_LocalEulerAnglesHint.x
      value: 2.808
      objectReference: {fileID: 0}
    - target: {fileID: 4076576686946020, guid: 3841e30ecde9a0c43b0f2861f729b70c, type: 2}
      propertyPath: m_LocalEulerAnglesHint.y
      value: -5.7570004
      objectReference: {fileID: 0}
    - target: {fileID: 4076576686946020, guid: 3841e30ecde9a0c43b0f2861f729b70c, type: 2}
      propertyPath: m_LocalEulerAnglesHint.z
      value: 21.723001
      objectReference: {fileID: 0}
    m_RemovedComponents: []
  m_SourcePrefab: {fileID: 100100000, guid: 3841e30ecde9a0c43b0f2861f729b70c, type: 2}
  m_IsPrefabAsset: 0
--- !u!1001 &1232919350
Prefab:
  m_ObjectHideFlags: 0
  serializedVersion: 2
  m_Modification:
    m_TransformParent: {fileID: 1154367994}
    m_Modifications:
    - target: {fileID: 4076576686946020, guid: 3841e30ecde9a0c43b0f2861f729b70c, type: 2}
      propertyPath: m_LocalPosition.x
      value: -62.2
      objectReference: {fileID: 0}
    - target: {fileID: 4076576686946020, guid: 3841e30ecde9a0c43b0f2861f729b70c, type: 2}
      propertyPath: m_LocalPosition.y
      value: 46.6
      objectReference: {fileID: 0}
    - target: {fileID: 4076576686946020, guid: 3841e30ecde9a0c43b0f2861f729b70c, type: 2}
      propertyPath: m_LocalPosition.z
      value: -95.7
      objectReference: {fileID: 0}
    - target: {fileID: 4076576686946020, guid: 3841e30ecde9a0c43b0f2861f729b70c, type: 2}
      propertyPath: m_LocalRotation.x
      value: -0.2511947
      objectReference: {fileID: 0}
    - target: {fileID: 4076576686946020, guid: 3841e30ecde9a0c43b0f2861f729b70c, type: 2}
      propertyPath: m_LocalRotation.y
      value: -0.09766751
      objectReference: {fileID: 0}
    - target: {fileID: 4076576686946020, guid: 3841e30ecde9a0c43b0f2861f729b70c, type: 2}
      propertyPath: m_LocalRotation.z
      value: -0.6463998
      objectReference: {fileID: 0}
    - target: {fileID: 4076576686946020, guid: 3841e30ecde9a0c43b0f2861f729b70c, type: 2}
      propertyPath: m_LocalRotation.w
      value: 0.7138134
      objectReference: {fileID: 0}
    - target: {fileID: 4076576686946020, guid: 3841e30ecde9a0c43b0f2861f729b70c, type: 2}
      propertyPath: m_RootOrder
      value: 6
      objectReference: {fileID: 0}
    - target: {fileID: 1062396769539612, guid: 3841e30ecde9a0c43b0f2861f729b70c, type: 2}
      propertyPath: m_Name
      value: Obstacle (5)
      objectReference: {fileID: 0}
    - target: {fileID: 4076576686946020, guid: 3841e30ecde9a0c43b0f2861f729b70c, type: 2}
      propertyPath: m_LocalEulerAnglesHint.x
      value: -29.004002
      objectReference: {fileID: 0}
    - target: {fileID: 4076576686946020, guid: 3841e30ecde9a0c43b0f2861f729b70c, type: 2}
      propertyPath: m_LocalEulerAnglesHint.y
      value: 12.233001
      objectReference: {fileID: 0}
    - target: {fileID: 4076576686946020, guid: 3841e30ecde9a0c43b0f2861f729b70c, type: 2}
      propertyPath: m_LocalEulerAnglesHint.z
      value: -87.50101
      objectReference: {fileID: 0}
    m_RemovedComponents: []
  m_SourcePrefab: {fileID: 100100000, guid: 3841e30ecde9a0c43b0f2861f729b70c, type: 2}
  m_IsPrefabAsset: 0
--- !u!4 &1284616509 stripped
Transform:
  m_CorrespondingSourceObject: {fileID: 4076576686946020, guid: 3841e30ecde9a0c43b0f2861f729b70c,
    type: 2}
  m_PrefabInternal: {fileID: 861320387}
--- !u!1001 &1384961610
Prefab:
  m_ObjectHideFlags: 0
  serializedVersion: 2
  m_Modification:
    m_TransformParent: {fileID: 1154367994}
    m_Modifications:
    - target: {fileID: 4076576686946020, guid: 3841e30ecde9a0c43b0f2861f729b70c, type: 2}
      propertyPath: m_LocalPosition.x
      value: 56.4
      objectReference: {fileID: 0}
    - target: {fileID: 4076576686946020, guid: 3841e30ecde9a0c43b0f2861f729b70c, type: 2}
      propertyPath: m_LocalPosition.y
      value: 27.401619
      objectReference: {fileID: 0}
    - target: {fileID: 4076576686946020, guid: 3841e30ecde9a0c43b0f2861f729b70c, type: 2}
      propertyPath: m_LocalPosition.z
      value: -96.73929
      objectReference: {fileID: 0}
    - target: {fileID: 4076576686946020, guid: 3841e30ecde9a0c43b0f2861f729b70c, type: 2}
      propertyPath: m_LocalRotation.x
      value: -0.01923464
      objectReference: {fileID: 0}
    - target: {fileID: 4076576686946020, guid: 3841e30ecde9a0c43b0f2861f729b70c, type: 2}
      propertyPath: m_LocalRotation.y
      value: 0.04855993
      objectReference: {fileID: 0}
    - target: {fileID: 4076576686946020, guid: 3841e30ecde9a0c43b0f2861f729b70c, type: 2}
      propertyPath: m_LocalRotation.z
      value: -0.5524241
      objectReference: {fileID: 0}
    - target: {fileID: 4076576686946020, guid: 3841e30ecde9a0c43b0f2861f729b70c, type: 2}
      propertyPath: m_LocalRotation.w
      value: 0.83192533
      objectReference: {fileID: 0}
    - target: {fileID: 4076576686946020, guid: 3841e30ecde9a0c43b0f2861f729b70c, type: 2}
      propertyPath: m_RootOrder
      value: 18
      objectReference: {fileID: 0}
    - target: {fileID: 1062396769539612, guid: 3841e30ecde9a0c43b0f2861f729b70c, type: 2}
      propertyPath: m_Name
      value: Obstacle (17)
      objectReference: {fileID: 0}
    - target: {fileID: 4076576686946020, guid: 3841e30ecde9a0c43b0f2861f729b70c, type: 2}
      propertyPath: m_LocalScale.z
      value: 10.81689
      objectReference: {fileID: 0}
    - target: {fileID: 4076576686946020, guid: 3841e30ecde9a0c43b0f2861f729b70c, type: 2}
      propertyPath: m_LocalScale.y
      value: 11.773871
      objectReference: {fileID: 0}
    - target: {fileID: 4076576686946020, guid: 3841e30ecde9a0c43b0f2861f729b70c, type: 2}
      propertyPath: m_LocalEulerAnglesHint.x
      value: 1.24
      objectReference: {fileID: 0}
    - target: {fileID: 4076576686946020, guid: 3841e30ecde9a0c43b0f2861f729b70c, type: 2}
      propertyPath: m_LocalEulerAnglesHint.y
      value: 5.8580003
      objectReference: {fileID: 0}
    - target: {fileID: 4076576686946020, guid: 3841e30ecde9a0c43b0f2861f729b70c, type: 2}
      propertyPath: m_LocalEulerAnglesHint.z
      value: -67.107
      objectReference: {fileID: 0}
    - target: {fileID: 4076576686946020, guid: 3841e30ecde9a0c43b0f2861f729b70c, type: 2}
      propertyPath: m_LocalScale.x
      value: 2.4746504
      objectReference: {fileID: 0}
    m_RemovedComponents: []
  m_SourcePrefab: {fileID: 100100000, guid: 3841e30ecde9a0c43b0f2861f729b70c, type: 2}
  m_IsPrefabAsset: 0
--- !u!1001 &1396778105
Prefab:
  m_ObjectHideFlags: 0
  serializedVersion: 2
  m_Modification:
    m_TransformParent: {fileID: 1154367994}
    m_Modifications:
    - target: {fileID: 4076576686946020, guid: 3841e30ecde9a0c43b0f2861f729b70c, type: 2}
      propertyPath: m_LocalPosition.x
      value: 52.4
      objectReference: {fileID: 0}
    - target: {fileID: 4076576686946020, guid: 3841e30ecde9a0c43b0f2861f729b70c, type: 2}
      propertyPath: m_LocalPosition.y
      value: 38.3
      objectReference: {fileID: 0}
    - target: {fileID: 4076576686946020, guid: 3841e30ecde9a0c43b0f2861f729b70c, type: 2}
      propertyPath: m_LocalPosition.z
      value: -96.4
      objectReference: {fileID: 0}
    - target: {fileID: 4076576686946020, guid: 3841e30ecde9a0c43b0f2861f729b70c, type: 2}
      propertyPath: m_LocalRotation.x
      value: -0.4867493
      objectReference: {fileID: 0}
    - target: {fileID: 4076576686946020, guid: 3841e30ecde9a0c43b0f2861f729b70c, type: 2}
      propertyPath: m_LocalRotation.y
      value: -0.041271497
      objectReference: {fileID: 0}
    - target: {fileID: 4076576686946020, guid: 3841e30ecde9a0c43b0f2861f729b70c, type: 2}
      propertyPath: m_LocalRotation.z
      value: -0.75135916
      objectReference: {fileID: 0}
    - target: {fileID: 4076576686946020, guid: 3841e30ecde9a0c43b0f2861f729b70c, type: 2}
      propertyPath: m_LocalRotation.w
      value: 0.44365665
      objectReference: {fileID: 0}
    - target: {fileID: 4076576686946020, guid: 3841e30ecde9a0c43b0f2861f729b70c, type: 2}
      propertyPath: m_RootOrder
      value: 15
      objectReference: {fileID: 0}
    - target: {fileID: 1062396769539612, guid: 3841e30ecde9a0c43b0f2861f729b70c, type: 2}
      propertyPath: m_Name
      value: Obstacle (14)
      objectReference: {fileID: 0}
    - target: {fileID: 4076576686946020, guid: 3841e30ecde9a0c43b0f2861f729b70c, type: 2}
      propertyPath: m_LocalEulerAnglesHint.x
      value: -29.598001
      objectReference: {fileID: 0}
    - target: {fileID: 4076576686946020, guid: 3841e30ecde9a0c43b0f2861f729b70c, type: 2}
      propertyPath: m_LocalEulerAnglesHint.y
      value: 53.045002
      objectReference: {fileID: 0}
    - target: {fileID: 4076576686946020, guid: 3841e30ecde9a0c43b0f2861f729b70c, type: 2}
      propertyPath: m_LocalEulerAnglesHint.z
      value: -133.901
      objectReference: {fileID: 0}
    - target: {fileID: 4076576686946020, guid: 3841e30ecde9a0c43b0f2861f729b70c, type: 2}
      propertyPath: m_LocalScale.y
      value: 28.50817
      objectReference: {fileID: 0}
    - target: {fileID: 4076576686946020, guid: 3841e30ecde9a0c43b0f2861f729b70c, type: 2}
      propertyPath: m_LocalScale.x
      value: 2.47465
      objectReference: {fileID: 0}
    - target: {fileID: 4076576686946020, guid: 3841e30ecde9a0c43b0f2861f729b70c, type: 2}
      propertyPath: m_LocalScale.z
      value: 4.8894
      objectReference: {fileID: 0}
    m_RemovedComponents: []
  m_SourcePrefab: {fileID: 100100000, guid: 3841e30ecde9a0c43b0f2861f729b70c, type: 2}
  m_IsPrefabAsset: 0
--- !u!4 &1398867136 stripped
Transform:
  m_CorrespondingSourceObject: {fileID: 4076576686946020, guid: 3841e30ecde9a0c43b0f2861f729b70c,
    type: 2}
  m_PrefabInternal: {fileID: 1194545871}
--- !u!4 &1421372976 stripped
Transform:
  m_CorrespondingSourceObject: {fileID: 4076576686946020, guid: 3841e30ecde9a0c43b0f2861f729b70c,
    type: 2}
  m_PrefabInternal: {fileID: 1035538926}
--- !u!1001 &1422053121
Prefab:
  m_ObjectHideFlags: 0
  serializedVersion: 2
  m_Modification:
    m_TransformParent: {fileID: 0}
    m_Modifications:
    - target: {fileID: 4497613287437290, guid: d7812f35dc31efc4aae265648710d646, type: 2}
      propertyPath: m_LocalPosition.x
      value: 0
      objectReference: {fileID: 0}
    - target: {fileID: 4497613287437290, guid: d7812f35dc31efc4aae265648710d646, type: 2}
      propertyPath: m_LocalPosition.y
      value: -15
      objectReference: {fileID: 0}
    - target: {fileID: 4497613287437290, guid: d7812f35dc31efc4aae265648710d646, type: 2}
      propertyPath: m_LocalPosition.z
      value: 0
      objectReference: {fileID: 0}
    - target: {fileID: 4497613287437290, guid: d7812f35dc31efc4aae265648710d646, type: 2}
      propertyPath: m_LocalRotation.x
      value: 0
      objectReference: {fileID: 0}
    - target: {fileID: 4497613287437290, guid: d7812f35dc31efc4aae265648710d646, type: 2}
      propertyPath: m_LocalRotation.y
      value: 0
      objectReference: {fileID: 0}
    - target: {fileID: 4497613287437290, guid: d7812f35dc31efc4aae265648710d646, type: 2}
      propertyPath: m_LocalRotation.z
      value: 0
      objectReference: {fileID: 0}
    - target: {fileID: 4497613287437290, guid: d7812f35dc31efc4aae265648710d646, type: 2}
      propertyPath: m_LocalRotation.w
      value: 1
      objectReference: {fileID: 0}
    - target: {fileID: 4497613287437290, guid: d7812f35dc31efc4aae265648710d646, type: 2}
      propertyPath: m_RootOrder
      value: 4
      objectReference: {fileID: 0}
    - target: {fileID: 4497613287437290, guid: d7812f35dc31efc4aae265648710d646, type: 2}
      propertyPath: m_LocalScale.x
      value: 181.67
      objectReference: {fileID: 0}
    m_RemovedComponents: []
  m_SourcePrefab: {fileID: 100100000, guid: d7812f35dc31efc4aae265648710d646, type: 2}
  m_IsPrefabAsset: 0
--- !u!4 &1446616491 stripped
Transform:
  m_CorrespondingSourceObject: {fileID: 4076576686946020, guid: 3841e30ecde9a0c43b0f2861f729b70c,
    type: 2}
  m_PrefabInternal: {fileID: 1793099691}
--- !u!4 &1563581308 stripped
Transform:
  m_CorrespondingSourceObject: {fileID: 4076576686946020, guid: 3841e30ecde9a0c43b0f2861f729b70c,
    type: 2}
  m_PrefabInternal: {fileID: 1750362653}
--- !u!4 &1586298858 stripped
Transform:
  m_CorrespondingSourceObject: {fileID: 4076576686946020, guid: 3841e30ecde9a0c43b0f2861f729b70c,
    type: 2}
  m_PrefabInternal: {fileID: 1384961610}
--- !u!1001 &1629259498
Prefab:
  m_ObjectHideFlags: 0
  serializedVersion: 2
  m_Modification:
    m_TransformParent: {fileID: 1154367994}
    m_Modifications:
    - target: {fileID: 4076576686946020, guid: 3841e30ecde9a0c43b0f2861f729b70c, type: 2}
      propertyPath: m_LocalPosition.x
      value: -58
      objectReference: {fileID: 0}
    - target: {fileID: 4076576686946020, guid: 3841e30ecde9a0c43b0f2861f729b70c, type: 2}
      propertyPath: m_LocalPosition.y
      value: 20.41
      objectReference: {fileID: 0}
    - target: {fileID: 4076576686946020, guid: 3841e30ecde9a0c43b0f2861f729b70c, type: 2}
      propertyPath: m_LocalPosition.z
      value: -95.21
      objectReference: {fileID: 0}
    - target: {fileID: 4076576686946020, guid: 3841e30ecde9a0c43b0f2861f729b70c, type: 2}
      propertyPath: m_LocalRotation.x
      value: -0.0203957
      objectReference: {fileID: 0}
    - target: {fileID: 4076576686946020, guid: 3841e30ecde9a0c43b0f2861f729b70c, type: 2}
      propertyPath: m_LocalRotation.y
      value: 0.05579111
      objectReference: {fileID: 0}
    - target: {fileID: 4076576686946020, guid: 3841e30ecde9a0c43b0f2861f729b70c, type: 2}
      propertyPath: m_LocalRotation.z
      value: -0.7078806
      objectReference: {fileID: 0}
    - target: {fileID: 4076576686946020, guid: 3841e30ecde9a0c43b0f2861f729b70c, type: 2}
      propertyPath: m_LocalRotation.w
      value: 0.7038299
      objectReference: {fileID: 0}
    - target: {fileID: 4076576686946020, guid: 3841e30ecde9a0c43b0f2861f729b70c, type: 2}
      propertyPath: m_RootOrder
      value: 5
      objectReference: {fileID: 0}
    - target: {fileID: 1062396769539612, guid: 3841e30ecde9a0c43b0f2861f729b70c, type: 2}
      propertyPath: m_Name
      value: Obstacle (4)
      objectReference: {fileID: 0}
    - target: {fileID: 4076576686946020, guid: 3841e30ecde9a0c43b0f2861f729b70c, type: 2}
      propertyPath: m_LocalEulerAnglesHint.x
      value: 2.8820002
      objectReference: {fileID: 0}
    - target: {fileID: 4076576686946020, guid: 3841e30ecde9a0c43b0f2861f729b70c, type: 2}
      propertyPath: m_LocalEulerAnglesHint.y
      value: 6.1740003
      objectReference: {fileID: 0}
    - target: {fileID: 4076576686946020, guid: 3841e30ecde9a0c43b0f2861f729b70c, type: 2}
      propertyPath: m_LocalEulerAnglesHint.z
      value: -90.173004
      objectReference: {fileID: 0}
    - target: {fileID: 4076576686946020, guid: 3841e30ecde9a0c43b0f2861f729b70c, type: 2}
      propertyPath: m_LocalScale.y
      value: 23.11754
      objectReference: {fileID: 0}
    m_RemovedComponents: []
  m_SourcePrefab: {fileID: 100100000, guid: 3841e30ecde9a0c43b0f2861f729b70c, type: 2}
  m_IsPrefabAsset: 0
--- !u!1001 &1750362653
Prefab:
  m_ObjectHideFlags: 0
  serializedVersion: 2
  m_Modification:
    m_TransformParent: {fileID: 1154367994}
    m_Modifications:
    - target: {fileID: 4076576686946020, guid: 3841e30ecde9a0c43b0f2861f729b70c, type: 2}
      propertyPath: m_LocalPosition.x
      value: 23.53
      objectReference: {fileID: 0}
    - target: {fileID: 4076576686946020, guid: 3841e30ecde9a0c43b0f2861f729b70c, type: 2}
      propertyPath: m_LocalPosition.y
      value: 7.2
      objectReference: {fileID: 0}
    - target: {fileID: 4076576686946020, guid: 3841e30ecde9a0c43b0f2861f729b70c, type: 2}
      propertyPath: m_LocalPosition.z
      value: -97.15
      objectReference: {fileID: 0}
    - target: {fileID: 4076576686946020, guid: 3841e30ecde9a0c43b0f2861f729b70c, type: 2}
      propertyPath: m_LocalRotation.x
      value: -0.55344784
      objectReference: {fileID: 0}
    - target: {fileID: 4076576686946020, guid: 3841e30ecde9a0c43b0f2861f729b70c, type: 2}
      propertyPath: m_LocalRotation.y
      value: 0.4246823
      objectReference: {fileID: 0}
    - target: {fileID: 4076576686946020, guid: 3841e30ecde9a0c43b0f2861f729b70c, type: 2}
      propertyPath: m_LocalRotation.z
      value: -0.4198933
      objectReference: {fileID: 0}
    - target: {fileID: 4076576686946020, guid: 3841e30ecde9a0c43b0f2861f729b70c, type: 2}
      propertyPath: m_LocalRotation.w
      value: 0.5805429
      objectReference: {fileID: 0}
    - target: {fileID: 4076576686946020, guid: 3841e30ecde9a0c43b0f2861f729b70c, type: 2}
      propertyPath: m_RootOrder
      value: 19
      objectReference: {fileID: 0}
    - target: {fileID: 1062396769539612, guid: 3841e30ecde9a0c43b0f2861f729b70c, type: 2}
      propertyPath: m_Name
      value: Obstacle (18)
      objectReference: {fileID: 0}
    - target: {fileID: 4076576686946020, guid: 3841e30ecde9a0c43b0f2861f729b70c, type: 2}
      propertyPath: m_LocalEulerAnglesHint.x
      value: -163.384
      objectReference: {fileID: 0}
    - target: {fileID: 4076576686946020, guid: 3841e30ecde9a0c43b0f2861f729b70c, type: 2}
      propertyPath: m_LocalEulerAnglesHint.y
      value: -91.59601
      objectReference: {fileID: 0}
    - target: {fileID: 4076576686946020, guid: 3841e30ecde9a0c43b0f2861f729b70c, type: 2}
      propertyPath: m_LocalEulerAnglesHint.z
      value: 92.078995
      objectReference: {fileID: 0}
    - target: {fileID: 4076576686946020, guid: 3841e30ecde9a0c43b0f2861f729b70c, type: 2}
      propertyPath: m_LocalScale.y
      value: 23.117598
      objectReference: {fileID: 0}
    - target: {fileID: 4076576686946020, guid: 3841e30ecde9a0c43b0f2861f729b70c, type: 2}
      propertyPath: m_LocalScale.x
      value: 2.4746504
      objectReference: {fileID: 0}
    - target: {fileID: 4076576686946020, guid: 3841e30ecde9a0c43b0f2861f729b70c, type: 2}
      propertyPath: m_LocalScale.z
      value: 15.92485
      objectReference: {fileID: 0}
    m_RemovedComponents: []
  m_SourcePrefab: {fileID: 100100000, guid: 3841e30ecde9a0c43b0f2861f729b70c, type: 2}
  m_IsPrefabAsset: 0
--- !u!1001 &1754502756
Prefab:
  m_ObjectHideFlags: 0
  serializedVersion: 2
  m_Modification:
    m_TransformParent: {fileID: 0}
    m_Modifications:
    - target: {fileID: 4358326921018978, guid: 05a44b7e96d27c54c9b78e97870e5e19, type: 2}
      propertyPath: m_LocalPosition.x
      value: 39.79
      objectReference: {fileID: 0}
    - target: {fileID: 4358326921018978, guid: 05a44b7e96d27c54c9b78e97870e5e19, type: 2}
      propertyPath: m_LocalPosition.y
      value: 32.56
      objectReference: {fileID: 0}
    - target: {fileID: 4358326921018978, guid: 05a44b7e96d27c54c9b78e97870e5e19, type: 2}
      propertyPath: m_LocalPosition.z
      value: 0
      objectReference: {fileID: 0}
    - target: {fileID: 4358326921018978, guid: 05a44b7e96d27c54c9b78e97870e5e19, type: 2}
      propertyPath: m_LocalRotation.x
      value: 0.47828975
      objectReference: {fileID: 0}
    - target: {fileID: 4358326921018978, guid: 05a44b7e96d27c54c9b78e97870e5e19, type: 2}
      propertyPath: m_LocalRotation.y
      value: 0.03173593
      objectReference: {fileID: 0}
    - target: {fileID: 4358326921018978, guid: 05a44b7e96d27c54c9b78e97870e5e19, type: 2}
      propertyPath: m_LocalRotation.z
      value: 0.5565082
      objectReference: {fileID: 0}
    - target: {fileID: 4358326921018978, guid: 05a44b7e96d27c54c9b78e97870e5e19, type: 2}
      propertyPath: m_LocalRotation.w
      value: 0.6786239
      objectReference: {fileID: 0}
    - target: {fileID: 4358326921018978, guid: 05a44b7e96d27c54c9b78e97870e5e19, type: 2}
      propertyPath: m_RootOrder
      value: 3
      objectReference: {fileID: 0}
    - target: {fileID: 4358326921018978, guid: 05a44b7e96d27c54c9b78e97870e5e19, type: 2}
      propertyPath: m_LocalEulerAnglesHint.x
      value: 37.867
      objectReference: {fileID: 0}
    - target: {fileID: 4358326921018978, guid: 05a44b7e96d27c54c9b78e97870e5e19, type: 2}
      propertyPath: m_LocalEulerAnglesHint.y
      value: 46.794003
      objectReference: {fileID: 0}
    - target: {fileID: 4358326921018978, guid: 05a44b7e96d27c54c9b78e97870e5e19, type: 2}
      propertyPath: m_LocalEulerAnglesHint.z
      value: 95.592
      objectReference: {fileID: 0}
    m_RemovedComponents: []
  m_SourcePrefab: {fileID: 100100000, guid: 05a44b7e96d27c54c9b78e97870e5e19, type: 2}
  m_IsPrefabAsset: 0
--- !u!1001 &1764044757
Prefab:
  m_ObjectHideFlags: 0
  serializedVersion: 2
  m_Modification:
    m_TransformParent: {fileID: 0}
    m_Modifications:
    - target: {fileID: 4076576686946020, guid: 3841e30ecde9a0c43b0f2861f729b70c, type: 2}
      propertyPath: m_LocalPosition.x
      value: -3.1
      objectReference: {fileID: 0}
    - target: {fileID: 4076576686946020, guid: 3841e30ecde9a0c43b0f2861f729b70c, type: 2}
      propertyPath: m_LocalPosition.y
      value: 15.990295
      objectReference: {fileID: 0}
    - target: {fileID: 4076576686946020, guid: 3841e30ecde9a0c43b0f2861f729b70c, type: 2}
      propertyPath: m_LocalPosition.z
      value: -0.9
      objectReference: {fileID: 0}
    - target: {fileID: 4076576686946020, guid: 3841e30ecde9a0c43b0f2861f729b70c, type: 2}
      propertyPath: m_LocalRotation.x
      value: 0.0038519958
      objectReference: {fileID: 0}
    - target: {fileID: 4076576686946020, guid: 3841e30ecde9a0c43b0f2861f729b70c, type: 2}
      propertyPath: m_LocalRotation.y
      value: 0.2710133
      objectReference: {fileID: 0}
    - target: {fileID: 4076576686946020, guid: 3841e30ecde9a0c43b0f2861f729b70c, type: 2}
      propertyPath: m_LocalRotation.z
      value: -0.5353362
      objectReference: {fileID: 0}
    - target: {fileID: 4076576686946020, guid: 3841e30ecde9a0c43b0f2861f729b70c, type: 2}
      propertyPath: m_LocalRotation.w
      value: 0.7999701
      objectReference: {fileID: 0}
    - target: {fileID: 4076576686946020, guid: 3841e30ecde9a0c43b0f2861f729b70c, type: 2}
      propertyPath: m_RootOrder
      value: 1
      objectReference: {fileID: 0}
    - target: {fileID: 4076576686946020, guid: 3841e30ecde9a0c43b0f2861f729b70c, type: 2}
      propertyPath: m_LocalScale.z
      value: 13.766106
      objectReference: {fileID: 0}
    - target: {fileID: 4076576686946020, guid: 3841e30ecde9a0c43b0f2861f729b70c, type: 2}
      propertyPath: m_LocalEulerAnglesHint.x
      value: 17.237001
      objectReference: {fileID: 0}
    - target: {fileID: 4076576686946020, guid: 3841e30ecde9a0c43b0f2861f729b70c, type: 2}
      propertyPath: m_LocalEulerAnglesHint.y
      value: 26.723001
      objectReference: {fileID: 0}
    - target: {fileID: 4076576686946020, guid: 3841e30ecde9a0c43b0f2861f729b70c, type: 2}
      propertyPath: m_LocalEulerAnglesHint.z
      value: -63.457005
      objectReference: {fileID: 0}
    m_RemovedComponents: []
  m_SourcePrefab: {fileID: 100100000, guid: 3841e30ecde9a0c43b0f2861f729b70c, type: 2}
  m_IsPrefabAsset: 0
--- !u!1001 &1774407465
Prefab:
  m_ObjectHideFlags: 0
  serializedVersion: 2
  m_Modification:
    m_TransformParent: {fileID: 0}
    m_Modifications:
    - target: {fileID: 4390496156615398, guid: 0492fed08c0502a4599d55fa361670ea, type: 2}
      propertyPath: m_LocalPosition.x
      value: -1.5399206
      objectReference: {fileID: 0}
    - target: {fileID: 4390496156615398, guid: 0492fed08c0502a4599d55fa361670ea, type: 2}
      propertyPath: m_LocalPosition.y
      value: 30.05
      objectReference: {fileID: 0}
    - target: {fileID: 4390496156615398, guid: 0492fed08c0502a4599d55fa361670ea, type: 2}
      propertyPath: m_LocalPosition.z
      value: -73.65
      objectReference: {fileID: 0}
    - target: {fileID: 4390496156615398, guid: 0492fed08c0502a4599d55fa361670ea, type: 2}
      propertyPath: m_LocalRotation.x
      value: -0.10064601
      objectReference: {fileID: 0}
    - target: {fileID: 4390496156615398, guid: 0492fed08c0502a4599d55fa361670ea, type: 2}
      propertyPath: m_LocalRotation.y
      value: -0.005052529
      objectReference: {fileID: 0}
    - target: {fileID: 4390496156615398, guid: 0492fed08c0502a4599d55fa361670ea, type: 2}
      propertyPath: m_LocalRotation.z
      value: 0.0005125856
      objectReference: {fileID: 0}
    - target: {fileID: 4390496156615398, guid: 0492fed08c0502a4599d55fa361670ea, type: 2}
      propertyPath: m_LocalRotation.w
      value: -0.99490935
      objectReference: {fileID: 0}
    - target: {fileID: 4390496156615398, guid: 0492fed08c0502a4599d55fa361670ea, type: 2}
      propertyPath: m_RootOrder
      value: 0
      objectReference: {fileID: 0}
    m_RemovedComponents: []
  m_SourcePrefab: {fileID: 100100000, guid: 0492fed08c0502a4599d55fa361670ea, type: 2}
  m_IsPrefabAsset: 0
--- !u!1001 &1793099691
Prefab:
  m_ObjectHideFlags: 0
  serializedVersion: 2
  m_Modification:
    m_TransformParent: {fileID: 1154367994}
    m_Modifications:
    - target: {fileID: 4076576686946020, guid: 3841e30ecde9a0c43b0f2861f729b70c, type: 2}
      propertyPath: m_LocalPosition.x
      value: -63.11
      objectReference: {fileID: 0}
    - target: {fileID: 4076576686946020, guid: 3841e30ecde9a0c43b0f2861f729b70c, type: 2}
      propertyPath: m_LocalPosition.y
      value: 8.06
      objectReference: {fileID: 0}
    - target: {fileID: 4076576686946020, guid: 3841e30ecde9a0c43b0f2861f729b70c, type: 2}
      propertyPath: m_LocalPosition.z
      value: -97.34
      objectReference: {fileID: 0}
    - target: {fileID: 4076576686946020, guid: 3841e30ecde9a0c43b0f2861f729b70c, type: 2}
      propertyPath: m_LocalRotation.x
      value: -0.486932
      objectReference: {fileID: 0}
    - target: {fileID: 4076576686946020, guid: 3841e30ecde9a0c43b0f2861f729b70c, type: 2}
      propertyPath: m_LocalRotation.y
      value: 0.5011367
      objectReference: {fileID: 0}
    - target: {fileID: 4076576686946020, guid: 3841e30ecde9a0c43b0f2861f729b70c, type: 2}
      propertyPath: m_LocalRotation.z
      value: -0.49904564
      objectReference: {fileID: 0}
    - target: {fileID: 4076576686946020, guid: 3841e30ecde9a0c43b0f2861f729b70c, type: 2}
      propertyPath: m_LocalRotation.w
      value: 0.5125551
      objectReference: {fileID: 0}
    - target: {fileID: 4076576686946020, guid: 3841e30ecde9a0c43b0f2861f729b70c, type: 2}
      propertyPath: m_RootOrder
      value: 20
      objectReference: {fileID: 0}
    - target: {fileID: 1062396769539612, guid: 3841e30ecde9a0c43b0f2861f729b70c, type: 2}
      propertyPath: m_Name
      value: Obstacle (19)
      objectReference: {fileID: 0}
    - target: {fileID: 4076576686946020, guid: 3841e30ecde9a0c43b0f2861f729b70c, type: 2}
      propertyPath: m_LocalEulerAnglesHint.x
      value: 0.059000004
      objectReference: {fileID: 0}
    - target: {fileID: 4076576686946020, guid: 3841e30ecde9a0c43b0f2861f729b70c, type: 2}
      propertyPath: m_LocalEulerAnglesHint.y
      value: 88.652
      objectReference: {fileID: 0}
    - target: {fileID: 4076576686946020, guid: 3841e30ecde9a0c43b0f2861f729b70c, type: 2}
      propertyPath: m_LocalEulerAnglesHint.z
      value: -88.413
      objectReference: {fileID: 0}
    - target: {fileID: 4076576686946020, guid: 3841e30ecde9a0c43b0f2861f729b70c, type: 2}
      propertyPath: m_LocalScale.y
      value: 23.11756
      objectReference: {fileID: 0}
    - target: {fileID: 4076576686946020, guid: 3841e30ecde9a0c43b0f2861f729b70c, type: 2}
      propertyPath: m_LocalScale.x
      value: 2.06698
      objectReference: {fileID: 0}
    - target: {fileID: 4076576686946020, guid: 3841e30ecde9a0c43b0f2861f729b70c, type: 2}
      propertyPath: m_LocalScale.z
      value: 43.782
      objectReference: {fileID: 0}
    m_RemovedComponents: []
  m_SourcePrefab: {fileID: 100100000, guid: 3841e30ecde9a0c43b0f2861f729b70c, type: 2}
  m_IsPrefabAsset: 0
--- !u!1001 &1796379635
Prefab:
  m_ObjectHideFlags: 0
  serializedVersion: 2
  m_Modification:
    m_TransformParent: {fileID: 1154367994}
    m_Modifications:
    - target: {fileID: 4076576686946020, guid: 3841e30ecde9a0c43b0f2861f729b70c, type: 2}
      propertyPath: m_LocalPosition.x
      value: -5.882431
      objectReference: {fileID: 0}
    - target: {fileID: 4076576686946020, guid: 3841e30ecde9a0c43b0f2861f729b70c, type: 2}
      propertyPath: m_LocalPosition.y
      value: 24.891914
      objectReference: {fileID: 0}
    - target: {fileID: 4076576686946020, guid: 3841e30ecde9a0c43b0f2861f729b70c, type: 2}
      propertyPath: m_LocalPosition.z
      value: -95.33929
      objectReference: {fileID: 0}
    - target: {fileID: 4076576686946020, guid: 3841e30ecde9a0c43b0f2861f729b70c, type: 2}
      propertyPath: m_LocalRotation.x
      value: 0.1451181
      objectReference: {fileID: 0}
    - target: {fileID: 4076576686946020, guid: 3841e30ecde9a0c43b0f2861f729b70c, type: 2}
      propertyPath: m_LocalRotation.y
      value: 0.22358872
      objectReference: {fileID: 0}
    - target: {fileID: 4076576686946020, guid: 3841e30ecde9a0c43b0f2861f729b70c, type: 2}
      propertyPath: m_LocalRotation.z
      value: -0.76314205
      objectReference: {fileID: 0}
    - target: {fileID: 4076576686946020, guid: 3841e30ecde9a0c43b0f2861f729b70c, type: 2}
      propertyPath: m_LocalRotation.w
      value: 0.58869606
      objectReference: {fileID: 0}
    - target: {fileID: 4076576686946020, guid: 3841e30ecde9a0c43b0f2861f729b70c, type: 2}
      propertyPath: m_RootOrder
      value: 3
      objectReference: {fileID: 0}
    - target: {fileID: 4076576686946020, guid: 3841e30ecde9a0c43b0f2861f729b70c, type: 2}
      propertyPath: m_LocalScale.z
      value: 13.766108
      objectReference: {fileID: 0}
    - target: {fileID: 4076576686946020, guid: 3841e30ecde9a0c43b0f2861f729b70c, type: 2}
      propertyPath: m_LocalEulerAnglesHint.x
      value: 30.805002
      objectReference: {fileID: 0}
    - target: {fileID: 4076576686946020, guid: 3841e30ecde9a0c43b0f2861f729b70c, type: 2}
      propertyPath: m_LocalEulerAnglesHint.y
      value: 2.7870002
      objectReference: {fileID: 0}
    - target: {fileID: 4076576686946020, guid: 3841e30ecde9a0c43b0f2861f729b70c, type: 2}
      propertyPath: m_LocalEulerAnglesHint.z
      value: -103.938
      objectReference: {fileID: 0}
    - target: {fileID: 1062396769539612, guid: 3841e30ecde9a0c43b0f2861f729b70c, type: 2}
      propertyPath: m_Name
      value: Obstacle (1)
      objectReference: {fileID: 0}
    - target: {fileID: 4076576686946020, guid: 3841e30ecde9a0c43b0f2861f729b70c, type: 2}
      propertyPath: m_LocalScale.y
      value: 46.747658
      objectReference: {fileID: 0}
    m_RemovedComponents: []
  m_SourcePrefab: {fileID: 100100000, guid: 3841e30ecde9a0c43b0f2861f729b70c, type: 2}
  m_IsPrefabAsset: 0
--- !u!4 &1796379636 stripped
Transform:
  m_CorrespondingSourceObject: {fileID: 4076576686946020, guid: 3841e30ecde9a0c43b0f2861f729b70c,
    type: 2}
  m_PrefabInternal: {fileID: 1796379635}
--- !u!4 &1812391935 stripped
Transform:
  m_CorrespondingSourceObject: {fileID: 4076576686946020, guid: 3841e30ecde9a0c43b0f2861f729b70c,
    type: 2}
  m_PrefabInternal: {fileID: 2034598187}
--- !u!1001 &1814580025
Prefab:
  m_ObjectHideFlags: 0
  serializedVersion: 2
  m_Modification:
    m_TransformParent: {fileID: 1154367994}
    m_Modifications:
    - target: {fileID: 4076576686946020, guid: 3841e30ecde9a0c43b0f2861f729b70c, type: 2}
      propertyPath: m_LocalPosition.x
      value: -38.1
      objectReference: {fileID: 0}
    - target: {fileID: 4076576686946020, guid: 3841e30ecde9a0c43b0f2861f729b70c, type: 2}
      propertyPath: m_LocalPosition.y
      value: 47.2
      objectReference: {fileID: 0}
    - target: {fileID: 4076576686946020, guid: 3841e30ecde9a0c43b0f2861f729b70c, type: 2}
      propertyPath: m_LocalPosition.z
      value: -97.9
      objectReference: {fileID: 0}
    - target: {fileID: 4076576686946020, guid: 3841e30ecde9a0c43b0f2861f729b70c, type: 2}
      propertyPath: m_LocalRotation.x
      value: -0.736647
      objectReference: {fileID: 0}
    - target: {fileID: 4076576686946020, guid: 3841e30ecde9a0c43b0f2861f729b70c, type: 2}
      propertyPath: m_LocalRotation.y
      value: -0.59711605
      objectReference: {fileID: 0}
    - target: {fileID: 4076576686946020, guid: 3841e30ecde9a0c43b0f2861f729b70c, type: 2}
      propertyPath: m_LocalRotation.z
      value: -0.2661288
      objectReference: {fileID: 0}
    - target: {fileID: 4076576686946020, guid: 3841e30ecde9a0c43b0f2861f729b70c, type: 2}
      propertyPath: m_LocalRotation.w
      value: 0.17314468
      objectReference: {fileID: 0}
    - target: {fileID: 4076576686946020, guid: 3841e30ecde9a0c43b0f2861f729b70c, type: 2}
      propertyPath: m_RootOrder
      value: 10
      objectReference: {fileID: 0}
    - target: {fileID: 1062396769539612, guid: 3841e30ecde9a0c43b0f2861f729b70c, type: 2}
      propertyPath: m_Name
      value: Obstacle (6)
      objectReference: {fileID: 0}
    - target: {fileID: 4076576686946020, guid: 3841e30ecde9a0c43b0f2861f729b70c, type: 2}
      propertyPath: m_LocalEulerAnglesHint.x
      value: -34.954002
      objectReference: {fileID: 0}
    - target: {fileID: 4076576686946020, guid: 3841e30ecde9a0c43b0f2861f729b70c, type: 2}
      propertyPath: m_LocalEulerAnglesHint.y
      value: 166.93301
      objectReference: {fileID: 0}
    - target: {fileID: 4076576686946020, guid: 3841e30ecde9a0c43b0f2861f729b70c, type: 2}
      propertyPath: m_LocalEulerAnglesHint.z
      value: -253.92499
      objectReference: {fileID: 0}
    - target: {fileID: 4076576686946020, guid: 3841e30ecde9a0c43b0f2861f729b70c, type: 2}
      propertyPath: m_LocalScale.y
      value: 28.508154
      objectReference: {fileID: 0}
    - target: {fileID: 4076576686946020, guid: 3841e30ecde9a0c43b0f2861f729b70c, type: 2}
      propertyPath: m_LocalScale.x
      value: 2.47465
      objectReference: {fileID: 0}
    m_RemovedComponents: []
  m_SourcePrefab: {fileID: 100100000, guid: 3841e30ecde9a0c43b0f2861f729b70c, type: 2}
  m_IsPrefabAsset: 0
--- !u!4 &1814580026 stripped
Transform:
  m_CorrespondingSourceObject: {fileID: 4076576686946020, guid: 3841e30ecde9a0c43b0f2861f729b70c,
    type: 2}
  m_PrefabInternal: {fileID: 1814580025}
--- !u!1001 &1871678936
Prefab:
  m_ObjectHideFlags: 0
  serializedVersion: 2
  m_Modification:
    m_TransformParent: {fileID: 1154367994}
    m_Modifications:
    - target: {fileID: 4076576686946020, guid: 3841e30ecde9a0c43b0f2861f729b70c, type: 2}
      propertyPath: m_LocalPosition.x
      value: 16.51757
      objectReference: {fileID: 0}
    - target: {fileID: 4076576686946020, guid: 3841e30ecde9a0c43b0f2861f729b70c, type: 2}
      propertyPath: m_LocalPosition.y
      value: 23.301619
      objectReference: {fileID: 0}
    - target: {fileID: 4076576686946020, guid: 3841e30ecde9a0c43b0f2861f729b70c, type: 2}
      propertyPath: m_LocalPosition.z
      value: -97.13928
      objectReference: {fileID: 0}
    - target: {fileID: 4076576686946020, guid: 3841e30ecde9a0c43b0f2861f729b70c, type: 2}
      propertyPath: m_LocalRotation.x
      value: -0.0027363235
      objectReference: {fileID: 0}
    - target: {fileID: 4076576686946020, guid: 3841e30ecde9a0c43b0f2861f729b70c, type: 2}
      propertyPath: m_LocalRotation.y
      value: 0.26300097
      objectReference: {fileID: 0}
    - target: {fileID: 4076576686946020, guid: 3841e30ecde9a0c43b0f2861f729b70c, type: 2}
      propertyPath: m_LocalRotation.z
      value: -0.56950563
      objectReference: {fileID: 0}
    - target: {fileID: 4076576686946020, guid: 3841e30ecde9a0c43b0f2861f729b70c, type: 2}
      propertyPath: m_LocalRotation.w
      value: 0.77877235
      objectReference: {fileID: 0}
    - target: {fileID: 4076576686946020, guid: 3841e30ecde9a0c43b0f2861f729b70c, type: 2}
      propertyPath: m_RootOrder
      value: 2
      objectReference: {fileID: 0}
    - target: {fileID: 1062396769539612, guid: 3841e30ecde9a0c43b0f2861f729b70c, type: 2}
      propertyPath: m_Name
      value: Obstacle (2)
      objectReference: {fileID: 0}
    - target: {fileID: 4076576686946020, guid: 3841e30ecde9a0c43b0f2861f729b70c, type: 2}
      propertyPath: m_LocalScale.z
      value: 15.044193
      objectReference: {fileID: 0}
    - target: {fileID: 4076576686946020, guid: 3841e30ecde9a0c43b0f2861f729b70c, type: 2}
      propertyPath: m_LocalScale.y
      value: 13.948465
      objectReference: {fileID: 0}
    - target: {fileID: 4076576686946020, guid: 3841e30ecde9a0c43b0f2861f729b70c, type: 2}
      propertyPath: m_LocalEulerAnglesHint.x
      value: 17.175001
      objectReference: {fileID: 0}
    - target: {fileID: 4076576686946020, guid: 3841e30ecde9a0c43b0f2861f729b70c, type: 2}
      propertyPath: m_LocalEulerAnglesHint.y
      value: 25.596
      objectReference: {fileID: 0}
    - target: {fileID: 4076576686946020, guid: 3841e30ecde9a0c43b0f2861f729b70c, type: 2}
      propertyPath: m_LocalEulerAnglesHint.z
      value: -68.426
      objectReference: {fileID: 0}
    - target: {fileID: 4076576686946020, guid: 3841e30ecde9a0c43b0f2861f729b70c, type: 2}
      propertyPath: m_LocalScale.x
      value: 2.4746492
      objectReference: {fileID: 0}
    m_RemovedComponents: []
  m_SourcePrefab: {fileID: 100100000, guid: 3841e30ecde9a0c43b0f2861f729b70c, type: 2}
  m_IsPrefabAsset: 0
--- !u!4 &1871678937 stripped
Transform:
  m_CorrespondingSourceObject: {fileID: 4076576686946020, guid: 3841e30ecde9a0c43b0f2861f729b70c,
    type: 2}
  m_PrefabInternal: {fileID: 1871678936}
--- !u!1001 &1893897409
Prefab:
  m_ObjectHideFlags: 0
  serializedVersion: 2
  m_Modification:
    m_TransformParent: {fileID: 1154367994}
    m_Modifications:
    - target: {fileID: 4076576686946020, guid: 3841e30ecde9a0c43b0f2861f729b70c, type: 2}
      propertyPath: m_LocalPosition.x
      value: 31.1
      objectReference: {fileID: 0}
    - target: {fileID: 4076576686946020, guid: 3841e30ecde9a0c43b0f2861f729b70c, type: 2}
      propertyPath: m_LocalPosition.y
      value: 45.6
      objectReference: {fileID: 0}
    - target: {fileID: 4076576686946020, guid: 3841e30ecde9a0c43b0f2861f729b70c, type: 2}
      propertyPath: m_LocalPosition.z
      value: -96.4
      objectReference: {fileID: 0}
    - target: {fileID: 4076576686946020, guid: 3841e30ecde9a0c43b0f2861f729b70c, type: 2}
      propertyPath: m_LocalRotation.x
      value: -0.37241042
      objectReference: {fileID: 0}
    - target: {fileID: 4076576686946020, guid: 3841e30ecde9a0c43b0f2861f729b70c, type: 2}
      propertyPath: m_LocalRotation.y
      value: -0.20944537
      objectReference: {fileID: 0}
    - target: {fileID: 4076576686946020, guid: 3841e30ecde9a0c43b0f2861f729b70c, type: 2}
      propertyPath: m_LocalRotation.z
      value: -0.6192775
      objectReference: {fileID: 0}
    - target: {fileID: 4076576686946020, guid: 3841e30ecde9a0c43b0f2861f729b70c, type: 2}
      propertyPath: m_LocalRotation.w
      value: 0.6587401
      objectReference: {fileID: 0}
    - target: {fileID: 4076576686946020, guid: 3841e30ecde9a0c43b0f2861f729b70c, type: 2}
      propertyPath: m_RootOrder
      value: 14
      objectReference: {fileID: 0}
    - target: {fileID: 1062396769539612, guid: 3841e30ecde9a0c43b0f2861f729b70c, type: 2}
      propertyPath: m_Name
      value: Obstacle (13)
      objectReference: {fileID: 0}
    - target: {fileID: 4076576686946020, guid: 3841e30ecde9a0c43b0f2861f729b70c, type: 2}
      propertyPath: m_LocalEulerAnglesHint.x
      value: -48.595
      objectReference: {fileID: 0}
    - target: {fileID: 4076576686946020, guid: 3841e30ecde9a0c43b0f2861f729b70c, type: 2}
      propertyPath: m_LocalEulerAnglesHint.y
      value: 16.271
      objectReference: {fileID: 0}
    - target: {fileID: 4076576686946020, guid: 3841e30ecde9a0c43b0f2861f729b70c, type: 2}
      propertyPath: m_LocalEulerAnglesHint.z
      value: -93.84801
      objectReference: {fileID: 0}
    - target: {fileID: 4076576686946020, guid: 3841e30ecde9a0c43b0f2861f729b70c, type: 2}
      propertyPath: m_LocalScale.y
      value: 28.50817
      objectReference: {fileID: 0}
    - target: {fileID: 4076576686946020, guid: 3841e30ecde9a0c43b0f2861f729b70c, type: 2}
      propertyPath: m_LocalScale.x
      value: 2.47465
      objectReference: {fileID: 0}
    - target: {fileID: 4076576686946020, guid: 3841e30ecde9a0c43b0f2861f729b70c, type: 2}
      propertyPath: m_LocalScale.z
      value: 4.8894
      objectReference: {fileID: 0}
    m_RemovedComponents: []
  m_SourcePrefab: {fileID: 100100000, guid: 3841e30ecde9a0c43b0f2861f729b70c, type: 2}
  m_IsPrefabAsset: 0
--- !u!1001 &1999948285
Prefab:
  m_ObjectHideFlags: 0
  serializedVersion: 2
  m_Modification:
    m_TransformParent: {fileID: 1154367994}
    m_Modifications:
    - target: {fileID: 4076576686946020, guid: 3841e30ecde9a0c43b0f2861f729b70c, type: 2}
      propertyPath: m_LocalPosition.x
      value: 28.717571
      objectReference: {fileID: 0}
    - target: {fileID: 4076576686946020, guid: 3841e30ecde9a0c43b0f2861f729b70c, type: 2}
      propertyPath: m_LocalPosition.y
      value: 23.801619
      objectReference: {fileID: 0}
    - target: {fileID: 4076576686946020, guid: 3841e30ecde9a0c43b0f2861f729b70c, type: 2}
      propertyPath: m_LocalPosition.z
      value: -93.93309
      objectReference: {fileID: 0}
    - target: {fileID: 4076576686946020, guid: 3841e30ecde9a0c43b0f2861f729b70c, type: 2}
      propertyPath: m_LocalRotation.x
      value: -0.026170073
      objectReference: {fileID: 0}
    - target: {fileID: 4076576686946020, guid: 3841e30ecde9a0c43b0f2861f729b70c, type: 2}
      propertyPath: m_LocalRotation.y
      value: 0.07828806
      objectReference: {fileID: 0}
    - target: {fileID: 4076576686946020, guid: 3841e30ecde9a0c43b0f2861f729b70c, type: 2}
      propertyPath: m_LocalRotation.z
      value: -0.7901461
      objectReference: {fileID: 0}
    - target: {fileID: 4076576686946020, guid: 3841e30ecde9a0c43b0f2861f729b70c, type: 2}
      propertyPath: m_LocalRotation.w
      value: 0.60733455
      objectReference: {fileID: 0}
    - target: {fileID: 4076576686946020, guid: 3841e30ecde9a0c43b0f2861f729b70c, type: 2}
      propertyPath: m_RootOrder
      value: 0
      objectReference: {fileID: 0}
    - target: {fileID: 1062396769539612, guid: 3841e30ecde9a0c43b0f2861f729b70c, type: 2}
      propertyPath: m_Name
      value: Obstacle (4)
      objectReference: {fileID: 0}
    - target: {fileID: 4076576686946020, guid: 3841e30ecde9a0c43b0f2861f729b70c, type: 2}
      propertyPath: m_LocalScale.z
      value: 16.423988
      objectReference: {fileID: 0}
    - target: {fileID: 4076576686946020, guid: 3841e30ecde9a0c43b0f2861f729b70c, type: 2}
      propertyPath: m_LocalScale.y
      value: 16.09261
      objectReference: {fileID: 0}
    - target: {fileID: 4076576686946020, guid: 3841e30ecde9a0c43b0f2861f729b70c, type: 2}
      propertyPath: m_LocalEulerAnglesHint.x
      value: 5.275
      objectReference: {fileID: 0}
    - target: {fileID: 4076576686946020, guid: 3841e30ecde9a0c43b0f2861f729b70c, type: 2}
      propertyPath: m_LocalEulerAnglesHint.y
      value: 7.8760004
      objectReference: {fileID: 0}
    - target: {fileID: 4076576686946020, guid: 3841e30ecde9a0c43b0f2861f729b70c, type: 2}
      propertyPath: m_LocalEulerAnglesHint.z
      value: -104.54201
      objectReference: {fileID: 0}
    - target: {fileID: 4076576686946020, guid: 3841e30ecde9a0c43b0f2861f729b70c, type: 2}
      propertyPath: m_LocalScale.x
      value: 2.4746492
      objectReference: {fileID: 0}
    m_RemovedComponents: []
  m_SourcePrefab: {fileID: 100100000, guid: 3841e30ecde9a0c43b0f2861f729b70c, type: 2}
  m_IsPrefabAsset: 0
--- !u!4 &1999948286 stripped
Transform:
  m_CorrespondingSourceObject: {fileID: 4076576686946020, guid: 3841e30ecde9a0c43b0f2861f729b70c,
    type: 2}
  m_PrefabInternal: {fileID: 1999948285}
--- !u!1001 &2034598187
Prefab:
  m_ObjectHideFlags: 0
  serializedVersion: 2
  m_Modification:
    m_TransformParent: {fileID: 1154367994}
    m_Modifications:
    - target: {fileID: 4076576686946020, guid: 3841e30ecde9a0c43b0f2861f729b70c, type: 2}
      propertyPath: m_LocalPosition.x
      value: 59.2
      objectReference: {fileID: 0}
    - target: {fileID: 4076576686946020, guid: 3841e30ecde9a0c43b0f2861f729b70c, type: 2}
      propertyPath: m_LocalPosition.y
      value: 8.06
      objectReference: {fileID: 0}
    - target: {fileID: 4076576686946020, guid: 3841e30ecde9a0c43b0f2861f729b70c, type: 2}
      propertyPath: m_LocalPosition.z
      value: -97.34
      objectReference: {fileID: 0}
    - target: {fileID: 4076576686946020, guid: 3841e30ecde9a0c43b0f2861f729b70c, type: 2}
      propertyPath: m_LocalRotation.x
      value: -0.486932
      objectReference: {fileID: 0}
    - target: {fileID: 4076576686946020, guid: 3841e30ecde9a0c43b0f2861f729b70c, type: 2}
      propertyPath: m_LocalRotation.y
      value: 0.5011367
      objectReference: {fileID: 0}
    - target: {fileID: 4076576686946020, guid: 3841e30ecde9a0c43b0f2861f729b70c, type: 2}
      propertyPath: m_LocalRotation.z
      value: -0.49904564
      objectReference: {fileID: 0}
    - target: {fileID: 4076576686946020, guid: 3841e30ecde9a0c43b0f2861f729b70c, type: 2}
      propertyPath: m_LocalRotation.w
      value: 0.5125551
      objectReference: {fileID: 0}
    - target: {fileID: 4076576686946020, guid: 3841e30ecde9a0c43b0f2861f729b70c, type: 2}
      propertyPath: m_RootOrder
      value: 23
      objectReference: {fileID: 0}
    - target: {fileID: 1062396769539612, guid: 3841e30ecde9a0c43b0f2861f729b70c, type: 2}
      propertyPath: m_Name
      value: Obstacle (22)
      objectReference: {fileID: 0}
    - target: {fileID: 4076576686946020, guid: 3841e30ecde9a0c43b0f2861f729b70c, type: 2}
      propertyPath: m_LocalEulerAnglesHint.x
      value: 0.059000004
      objectReference: {fileID: 0}
    - target: {fileID: 4076576686946020, guid: 3841e30ecde9a0c43b0f2861f729b70c, type: 2}
      propertyPath: m_LocalEulerAnglesHint.y
      value: 88.652
      objectReference: {fileID: 0}
    - target: {fileID: 4076576686946020, guid: 3841e30ecde9a0c43b0f2861f729b70c, type: 2}
      propertyPath: m_LocalEulerAnglesHint.z
      value: -88.413
      objectReference: {fileID: 0}
    - target: {fileID: 4076576686946020, guid: 3841e30ecde9a0c43b0f2861f729b70c, type: 2}
      propertyPath: m_LocalScale.y
      value: 23.117586
      objectReference: {fileID: 0}
    - target: {fileID: 4076576686946020, guid: 3841e30ecde9a0c43b0f2861f729b70c, type: 2}
      propertyPath: m_LocalScale.x
      value: 2.0669804
      objectReference: {fileID: 0}
    - target: {fileID: 4076576686946020, guid: 3841e30ecde9a0c43b0f2861f729b70c, type: 2}
      propertyPath: m_LocalScale.z
      value: 43.78203
      objectReference: {fileID: 0}
    m_RemovedComponents: []
  m_SourcePrefab: {fileID: 100100000, guid: 3841e30ecde9a0c43b0f2861f729b70c, type: 2}
  m_IsPrefabAsset: 0
--- !u!4 &2056158569 stripped
Transform:
  m_CorrespondingSourceObject: {fileID: 4076576686946020, guid: 3841e30ecde9a0c43b0f2861f729b70c,
    type: 2}
  m_PrefabInternal: {fileID: 1396778105}
--- !u!4 &2141338703 stripped
Transform:
  m_CorrespondingSourceObject: {fileID: 4076576686946020, guid: 3841e30ecde9a0c43b0f2861f729b70c,
    type: 2}
  m_PrefabInternal: {fileID: 1232919350}
--- !u!1001 &2145814782
Prefab:
  m_ObjectHideFlags: 0
  serializedVersion: 2
  m_Modification:
    m_TransformParent: {fileID: 1154367994}
    m_Modifications:
    - target: {fileID: 4076576686946020, guid: 3841e30ecde9a0c43b0f2861f729b70c, type: 2}
      propertyPath: m_LocalPosition.x
      value: -87.8
      objectReference: {fileID: 0}
    - target: {fileID: 4076576686946020, guid: 3841e30ecde9a0c43b0f2861f729b70c, type: 2}
      propertyPath: m_LocalPosition.y
      value: 14.82
      objectReference: {fileID: 0}
    - target: {fileID: 4076576686946020, guid: 3841e30ecde9a0c43b0f2861f729b70c, type: 2}
      propertyPath: m_LocalPosition.z
      value: -94.439285
      objectReference: {fileID: 0}
    - target: {fileID: 4076576686946020, guid: 3841e30ecde9a0c43b0f2861f729b70c, type: 2}
      propertyPath: m_LocalRotation.x
      value: 0.038742162
      objectReference: {fileID: 0}
    - target: {fileID: 4076576686946020, guid: 3841e30ecde9a0c43b0f2861f729b70c, type: 2}
      propertyPath: m_LocalRotation.y
      value: -0.08097001
      objectReference: {fileID: 0}
    - target: {fileID: 4076576686946020, guid: 3841e30ecde9a0c43b0f2861f729b70c, type: 2}
      propertyPath: m_LocalRotation.z
      value: 0.14508264
      objectReference: {fileID: 0}
    - target: {fileID: 4076576686946020, guid: 3841e30ecde9a0c43b0f2861f729b70c, type: 2}
      propertyPath: m_LocalRotation.w
      value: 0.9853395
      objectReference: {fileID: 0}
    - target: {fileID: 4076576686946020, guid: 3841e30ecde9a0c43b0f2861f729b70c, type: 2}
      propertyPath: m_RootOrder
      value: 4
      objectReference: {fileID: 0}
    - target: {fileID: 1062396769539612, guid: 3841e30ecde9a0c43b0f2861f729b70c, type: 2}
      propertyPath: m_Name
      value: Obstacle (2)
      objectReference: {fileID: 0}
    - target: {fileID: 4076576686946020, guid: 3841e30ecde9a0c43b0f2861f729b70c, type: 2}
      propertyPath: m_LocalEulerAnglesHint.x
      value: 5.7300005
      objectReference: {fileID: 0}
    - target: {fileID: 4076576686946020, guid: 3841e30ecde9a0c43b0f2861f729b70c, type: 2}
      propertyPath: m_LocalEulerAnglesHint.y
      value: -8.573
      objectReference: {fileID: 0}
    - target: {fileID: 4076576686946020, guid: 3841e30ecde9a0c43b0f2861f729b70c, type: 2}
      propertyPath: m_LocalEulerAnglesHint.z
      value: 16.322
      objectReference: {fileID: 0}
    - target: {fileID: 4076576686946020, guid: 3841e30ecde9a0c43b0f2861f729b70c, type: 2}
      propertyPath: m_LocalScale.z
      value: 20.344791
      objectReference: {fileID: 0}
    m_RemovedComponents: []
  m_SourcePrefab: {fileID: 100100000, guid: 3841e30ecde9a0c43b0f2861f729b70c, type: 2}
  m_IsPrefabAsset: 0
